% This is part of the Avaneya Project Crew Handbook.
% Copyright (C) 2010-2013 Cartesian Theatre <info at cartesiantheatre dot com>.
% See the file Copying for details on copying conditions.

@Misc{asymptotic_notation,
    author      = {Walker, Julienne},
    month       = {apr},
    publisher   = {Eternally Confuzzled},
    title       = {{Asymptotic Notation}},
    url         = {http://www.eternallyconfuzzled.com/arts/jsw_art_bigo.aspx},
    year        = {2012}
}

@Misc{top_posting,
    author      = {Wikipedia},
    day         = {7},
    month       = {mar},
    publisher   = {Wikipedia},
    title       = {{Posting style: Top-posting}},
    url         = {https://en.wikipedia.org/wiki/Top_posting\#Top-posting},
    year        = {2012}
}

@Misc{nagata2011,
    author      = {Nagata, Kai},
    day         = {8},
    month       = {jul},
    publisher   = {kainagata.com},
    title       = {{Why I Quit My Job}},
    url         = {http://kainagata.com/2011/07/08/why-i-quit-my-job/},
    year        = {2011}
}

@Misc{html_mail_bad,
    author      = {Isaac, Alan G.},
    day         = {15},
    month       = {feb},
    publisher   = {American.edu},
    title       = {{HTML Email -- Whenever Possible Turn It Off}},
    url         = {https://subversion.american.edu/aisaac/notes/htmlmail.htm},
    year        = {2002}
}

@Misc{git_sucks,
    author      = {Remnant, Scott James},
    day         = {17},
    month       = {feb},
    title       = {{GIT sucks}},
    url         = {http://netsplit.com/2009/02/17/git-sucks/},
    year        = {2009}
}

@Misc{i_hate_git,
    author      = {Steveko},
    day         = {24},
    month       = {feb},
    publisher   = {Steveko's Blog},
    title       = {{10 things I hate about Git}},
    url         = {https://steveko.wordpress.com/2012/02/24/10-things-i-hate-about-git/},
    year        = {2012}
}

@Misc{seahorse,
    author      = {The GNOME Project},
    day         = {8},
    month       = {apr},
    title       = {{Seahorse}},
    url         = {https://live.gnome.org/Seahorse},
    year        = {2011}
}

@Misc{caroll2008,
    author      = {Caroll, Chris},
    month       = {jan},
    publisher   = {National Geographic},
    title       = {{High-Tech Trash}},
    url         = {http://ngm.nationalgeographic.com/2008/01/high-tech-trash/carroll-text},
    year        = {2008}
}

@Misc{interfax2013,
    author      = {RIR Combined Report},
    day         = {19},
    month       = {apr},
    publisher   = {Russia & India Report},
    title       = {{My kids were framed, says Boston bombing suspects' father}},
    url         = {http://indrus.in/news/2013/04/19/my_kids_were_framed_says_boston_bombing_suspects_father_23969.html},
    year        = {2013}
}

@Misc{urbina2013,
    author      = {Urbina, Ian},
    day         = {18},
    month       = {mar},
    publisher   = {New York Times},
    title       = {{Unwanted Electronic Gear Rising in Toxic Piles}},
    url         = {https://www.nytimes.com/2013/03/19/us/disposal-of-older-monitors-leaves-a-hazardous-trail.html},
    year        = {2013}
}

@Misc{bumiller2010,
    author      = {Bumiller, Elisabeth},
    day         = {14},
    month       = {jul},
    publisher   = {New York Times},
    title       = {{Records Show Doubts on ’64 Vietnam Crisis}},
    url         = {https://www.nytimes.com/2010/07/15/world/asia/15vietnam.html},
    year        = {2010}
}

@Misc{shipler2012,
    author      = {Shipler, David K.},
    day         = {28},
    month       = {apr},
    publisher   = {New York Times},
    title       = {{Terrorist Plots, Hatched by the F.B.I.}},
    url         = {https://www.nytimes.com/2012/04/29/opinion/sunday/terrorist-plots-helped-along-by-the-fbi.html},
    year        = {2012}
}

@Book{opengl_yellow_book,
    author      = {Rost, Randi J. and Licea-Kane, Bill},
    day         = {30},
    edition     = {3rd},
    keyword     = {engineers},
    month       = {jul},
    publisher   = {Addison-Wesley Professional},
    title       = {{OpenGL Shading Language}},
    year        = {2009}
}

@Misc{intel_optimization_manual,
    author      = {Intel},
    month       = {nov},
    pages       = {A--13},
    publisher   = {Intel},
    title       = {{Intel 64 and IA--32 Architectures Optimization Reference Manual}},
    url         = {http://www.intel.com/content/dam/doc/manual/64-ia-32-architectures-optimization-manual.pdf},
    year        = {2009}
}

@Book{game_engine_architecture,
    author      = {Gregory, Jason},
    keyword     = {engineers},
    title       = {{Game Engine Architecture}},
    publisher   = {A K Peters},
    year        = {2009}
}

@Book{lua_programming_gems,
    author      = {Figueiredo, Luiz Henrique De. and Celes, Waldemar and Ierusalimschy, Roberto},
    keyword     = {engineers},
    title       = {{Lua Programming Gems}},
    publisher   = {Lua.org},
    year        = {2008}
}

@Book{computational_intelligence,
    author      = {Poole, David L. and Mackworth, Alan K. and Goebel, Randy},
    keyword     = {engineers},
    publisher   = {New York: Oxford UP},
    title       = {{Computational Intelligence: A Logical Approach}},
    year        = {1998}
}

@Book{infinite_game_universe_2,
    author      = {Lecky-Thompson, Guy W},
    keyword     = {engineers},
    publisher   = {Hingham, MA: Charles River Media},
    title       = {{Infinite Game Universe: Level Design, Terrain, and Sound}},
    volume      = {2},
    year        = {2002}
}

@Misc{openal_shaders,
    author      = {Warner, Kip},
    day         = {26},
    month       = {jan},
    publisher   = {OpenAL Usage Issues},
    title       = {{OpenAL Shaders}},
    url         = {http://opensource.creative.com/pipermail/openal/2010-January/011972.html},
    year        = {2010}
}

@Misc{mola,
    author      = {PDS Geosciences Node},
    day         = {21},
    month       = {feb},
    publisher   = {Jet Propulsion Laboratory, NASA},
    title       = {{Mars Global Surveyor: MOLA}},
    url         = {http://pds-geosciences.wustl.edu/missions/mgs/mola.html},
    year        = {2012}
}

@Misc{geiss_fractal_terrain,
    author      = {Geiss, Ryan},
    publisher   = {Upper Saddle River, NJ: Addison-Wesley},
    series      = {GPU Gems},
    title       = {{Generating Complex Procedural Terrains Using the GPU}},
    url         = {http://http.developer.nvidia.com/GPUGems3/gpugems3_ch01.html},
    volume      = {3},
    year        = {2008}
}

@Misc{geiss_fractal_terrain_demo,
    author      = {Geiss, Ryan},
    day         = {20},
    month       = {mar},
    url         = {http://www.geisswerks.com/gpugems3ch/MVI_7867.avi},
    title       = {{MVI_7867.avi}},
    year        = {2009}
}

@InBook{using_noise_in_shaders,
    author      = {Wolff, David A.},
    journal     = {OpenGL 4.0 Shading Language Cookbook},
    publisher   = {Birmingham England: Packt Pub},
    title       = {{Using Noise in Shaders}},
    year        = {2011}
}

@Misc{mersenne_twister,
    author      = {Walker, Julienne},
    day         = {1},
    month       = {apr},
    title       = {{Mersenne Twister}},
    url         = {http://www.eternallyconfuzzled.com/tuts/algorithms/jsw_tut_rand.aspx\#mersenne},
    year        = {2012}
}

@Misc{hubbert_curve,
    author      = {Wikipedia},
    day         = {18},
    month       = {mar},
    publisher   = {Wikipedia},
    title       = {{Hubbert curve}},
    url         = {https://en.wikipedia.org/wiki/Hubbert_curve},
    year        = {2012}
}

@Misc{equality_trust,
    author      = {{The Equality Trust}},
    day         = {3},
    month       = {apr},
    title       = {{Publications}},
    url         = {http://www.equalitytrust.org.uk/resources/publications},
    year        = {2012}
}

@Misc{gcc_vector_extensions,
    author      = {{Free Software Foundation}},
    publisher   = {Free Software Foundation},
    title       = {{Using Vector Instructions through Built-in Functions}},
    url         = {http://gcc.gnu.org/onlinedocs/gcc/Vector-Extensions.html},
}

@Book{three_d_computer_graphics,
    author      = {Glassner, Andrew},
    edition     = {Second},
    keyword     = {artists},
    publisher   = {Green Editorial},
    title       = {{3D Computer Graphics}},
    year        = {1994}
}

@Book{beginning_gimp,
    author      = {Peck, Akkana},
    keyword     = {artists},
    publisher   = {Apress},
    title       = {{Beginning GIMP: From Novice to Professional}},
    year        = {2009}
}

@Book{blender_25_materials_and_textures_cookbook,
    author      = {Litster, Colin},
    keyword     = {artists},
    publisher   = {Packt Publishing},
    title       = {{Blender 2.5 Materials and Textures Cookbook}},
    year        = {2011}
}

@Book{blender_3d_incredible_machines,
    author      = {Brito, Allan},
    keyword     = {artists},
    publisher   = {Packt Publishing},
    title       = {{Blender 3D 2.49 Incredible Machines}},
    year        = {2009}
}

@Book{blender_3d_architecture,
    author      = {Brito, Allan},
    keyword     = {artists},
    publisher   = {Packt Publishing},
    title       = {{Blender 3D Architecture, Buildings, and Scenery}},
    year        = {2008}
}

@Book{blender_studio_projects,
    author      = {Mullen, Tony and Andaur, Claudio},
    keyword     = {artists},
    publisher   = {Sybex},
    title       = {{Blender Studio Projects: Digital Movie-Making}},
    year        = {2010}
}

@Book{introducing_character_animation_with_blender,
    author      = {Mullen, Tony},
    keyword     = {artists},
    publisher   = {Sybex},
    title       = {{Introducing Character Animation with Blender}},
    year        = {2007}
}

@Book{essential_blender,
    author      = {Hess, Roland},
    keyword     = {artists},
    publisher   = {No Starch Press},
    title       = {{The Essential Blender: Guide to 3D Creation with the Open Source Suite Blender}},
    year        = {2007}
}

@Book{autotools_practioners_guide,
    author      = {Calcote, John},
    keyword     = {engineers},
    publisher   = {No Starch Press},
    title       = {{Autotools: A Practioner's Guide to GNU Autoconf, Automake, and Libtool}},
    year        = {2010}
}

@Book{beginning_game_audio_programming,
    author      = {McCuskey, Mason},
    keyword     = {engineers},
    publisher   = {Premier-Trade},
    title       = {{Beginning Game Audio Programming}},
    year        = {2003}
}

@Book{beginning_iphone_games_development,
    author      = {Cabrera, PJ},
    keyword     = {engineers},
    publisher   = {Apress},
    title       = {{Beginning iPhone Games Development}},
    year        = {2010}
}

@Book{design_patterns_elements_reusable,
    author      = {Gamma, Erich and Helm, Richard and Johnson, Ralph and Vlissides, John},
    keyword     = {engineers},
    publisher   = {Addison-Wesley Professional Computing Series},
    title       = {{Design Patterns: Elements of Reusable Object-Oriented Software}},
    year        = {1994}
}

@Book{lua_reference_manual,
    author      = {Ierusalimschy, Roberto},
    keyword     = {engineers},
    publisher   = {Lua.org},
    title       = {{Lua 5.1 Reference Manual}},
    year        = {2006}
}

@Book{opengl_red_book,
    author      = {Shreiner, Dave and Khronos OpenGL ARB Working Group},
    day         = {31},
    edition     = {7th},
    keyword     = {engineers},
    month       = {jul},
    publisher   = {Addison-Wesley Professional},
    title       = {{OpenGL Programming Guide}},
    year        = {2009}
}

@Book{pro_ogre_3d_programming,
    author      = {Junker, Gregory},
    keyword     = {engineers},
    publisher   = {Apress},
    title       = {{Pro OGRE 3D Programming}},
    year        = {2006}
}

@Book{programming_in_lua,
    author      = {Ierusalimschy, Roberto},
    edition     = {2nd},
    keyword     = {engineers},
    publisher   = {Lua.org},
    title       = {{Programming in Lua}},
    year        = {2006}
}

@Book{systems_and_models,
    author      = {Bossel, Hartmut},
    keyword     = {engineers},
    publisher   = {BoD},
    title       = {{Systems and Models. Complexity, Dynamics, Evolution, Sustainability}},
    year        = {2007}
}

@Book{system_zoo_1,
    author      = {Bossel, Hartmut},
    day         = {20},
    keyword     = {engineers},
    month       = {jul},
    publisher   = {BoD},
    title       = {{System Zoo 1 Simulation Models -- Elementary Systems, Physics, Engineering}},
    year        = {2007}
}

@Book{system_zoo_2,
    author      = {Bossel, Hartmut},
    day         = {15},
    keyword     = {engineers},
    month       = {aug},
    publisher   = {BoD},
    title       = {{System Zoo 2 Simulation Models -- Climate, Ecosystems, Resources}},
    year        = {2007}
}

@Book{system_zoo_3,
    author      = {Bossel, Hartmut},
    day         = {5},
    keyword     = {engineers},
    month       = {oct},
    publisher   = {BoD},
    title       = {{System Zoo 3 Simulation Models -- Economy, Society, Development}},
    year        = {2007}
}

@Book{peoples_history_of_united_states,
    author      = {Zinn, Howard},
    keyword     = {everyone},
    publisher   = {HarperCollins},
    title       = {{A People's History of the United States: 1492-Present}},
    year        = {2003}
}

@Book{adbusters_issue_85,
    author      = {Adbusters},
    keyword     = {everyone},
    publisher   = {Adbusters Media Foundation},
    title       = {{Adbusters: Thought Control In Economics}},
    url         = {http://www.adbusters.org/cultureshop/backissues/85},
    volume      = {85}
}

@Misc{adbusters_jamming_neoclassical_economics,
    author      = {F. Ruccio, David},
    keyword     = {everyone},
    day         = {25},
    month       = {oct},
    publisher   = {Occasional Links & Commentary on Economics, Culture and Society},
    title       = {{Jamming Neoclassical Economics}},
    url         = {http://anticap.wordpress.com/2010/10/25/jamming-neoclassical-economics/},
    year        = {2010}
}

@Book{death_by_government,
    author      = {Rummel, R. J.},
    keyword     = {everyone},
    publisher   = {Transaction Publishers},
    title       = {{Death by Government}},
    year        = {1997}
}

@Book{debunking_911_debunking,
    author      = {Griffin, David Ray},
    keyword     = {everyone},
    publisher   = {Olive Branch Pr},
    title       = {{Debunking 9/11 Debunking}},
    year        = {2007}
}

@Article{nutt2010,
    author      = {J. Nutt, David and A. King, Leslie and D. Phillips, Lawrence},
    day         = {6},
    journal     = {The Lancet},
    keyword     = {everyone},
    month       = {nov},
    pages       = {pp.~1558--1565},
    series      = {9752},
    title       = {{Drug Harms in the UK: a Multicriteria Decision Analysis}},
    url         = {http://is.gd/QXTVmH},
    volume      = {376},
    year        = {2010}
}

@Misc{food_inc,
    author      = {Kenner, Robert},
    edition     = {DVD},
    keyword     = {everyone},
    publisher   = {Magnolia},
    title       = {{Food Inc}},
    url         = {http://www.takepart.com/foodinc/film/},
    year        = {2008}
}

@Misc{food_matters,
    author      = {Colquhoun, James and Bosch, Laurentine},
    edition     = {DVD},
    keyword     = {everyone},
    publisher   = {Passion River Films},
    title       = {{Food Matters}},
    url         = {http://www.foodmatters.tv/},
    year        = {2008}
}

@Book{free_software_free_society,
    author      = {Stallman, Richard M.},
    day         = {30},
    keyword     = {everyone},
    month       = {dec},
    publisher   = {Free Software Foundation},
    title       = {{Free Software, Free Society: Selected Essays of Richard M. Stallman}},
    year        = {2009}
}

@Book{how_to_live_on_mars,
    author      = {Zubrin, Robert},
    keyword     = {everyone},
    publisher   = {Three Rivers Press},
    title       = {{How to Live on Mars: A Trusty Guidebook to Surviving and Thriving on the Red Planet}},
    year        = {2008}
}

@Misc{letter_to_minister_regarding_911,
    author      = {Warner, Kip},
    day         = {23},
    keyword     = {everyone},
    month       = {aug},
    publisher   = {Canadian Charger},
    title       = {{An Open Letter to Minister of Public Safety Regarding 9/11}},
    url         = {http://www.thecanadiancharger.com/page.php?id=5},
    year        = {2011}
}

@Book{merchants_of_doubt,
    author      = {Oreskes, Naomi and Conway, Erik M.},
    day         = {25},
    keyword     = {everyone},
    month       = {may},
    publisher   = {Bloomsbury Press},
    title       = {{Merchants of Doubt: How a Handful of Scientists Obscured the Truth on Issues from Tobacco Smoke to Global Warming}},
    year        = {2010}
}

% Anyone have a reliable online link including pp. 461-500?
@Misc{minutes_bank_of_canada,
    author      = {{Standing Committee on Banking and Commerce}},
    keyword     = {everyone},
    pages       = {pp.~461--500},
    publisher   = {Printer to the King's Most Excellent Majesty},
    title       = {{Minutes of Proceedings and Evidence Respecting the Bank of Canada}},
    url         = {http://www.scribd.com/doc/9525141/Standing-Committee-on-Banking-and-Commerce-1939-p248315-May-3-1939-CANADA},
    year        = {1939}
}

% If in doubt of the document's authenticity, refer to p.524 of Griffin's 
%  The Creature From Jekyll Island...
@Misc{report_from_iron_mountain,
    author      = {Kenneth Galbraith, John},
    keyword     = {everyone},
    publisher   = {The Dial Press},
    title       = {{Report From Iron Mountain -- On The Possibility And Desirability Of Peace}},
    url         = {http://www.teachpeace.com/Report_from_Iron_Mountain.pdf},
    year        = {1967}
}

@Book{statistics_of_democide,
    author      = {Rummel, Rudolph. J.},
    day         = {11},
    keyword     = {everyone},
    month       = {nov},
    publisher   = {LIT Verlag},
    title       = {{Statistics of Democide: Genocide and Mass Murder since 1900}},
    year        = {1998}
}

@Misc{gasiorowski2000,
    author      = {Gasiorowski, Mark},
    day         = {29},
    month       = {nov},
    publisher   = {The National Security Archive},
    title       = {{The Secret CIA History of the Iran Coup}},
    url         = {http://www.gwu.edu/~nsarchiv/NSAEBB/NSAEBB28/},
    year        = {2000}
}

@Book{grad2009,
    author      = {Grad, Marcela},
    day         = {1},
    month       = {mar},
    publisher   = {Webster University Press},
    title       = {{Massoud: An Intimate Portrait of the Legendary Afghan Leader}},
    year        = {2009}
}

@Book{terraforming_creating_habitable_worlds,
    author      = {Beech, Martin},
    keyword     = {everyone},
    publisher   = {Springer},
    series      = {Astronomers' Universe},
    title       = {{Terraforming: The Creating of Habitable Worlds}},
    year        = {2009}
}

@Book{case_against_fluoride,
    author      = {Connett, Paul and Beck, James and Micklem, H. Spedding},
    day         = {7},
    edition     = {1st},
    keyword     = {everyone},
    month       = {oct},
    publisher   = {Chelsea Green Publishing},
    title       = {{The Case Against Fluoride: How Hazardous Waste Ended Up in Our Drinking Water and the Bad Science and Powerful Politics That Keep It There}},
    year        = {2010}
}

@Book{case_for_mars,
    author      = {Zubrin, Robert},
    keyword     = {everyone},
    publisher   = {Free Press},
    title       = {{The Case for Mars: The Plan to Settle the Red Planet and Why We Must}},
    year        = {1997}
}

@Book{the_china_study,
    author      = {Campbell, T. Colin},
    keyword     = {everyone},
    publisher   = {Benbella Books},
    title       = {{The China Study: The Most Comprehensive Study of Nutrition Ever Conducted and the Startling Implications for Diet, Weight Loss and Long-term Health}},
    year        = {2006}
}

@Misc{the_corporation,
    author      = {Achbar, Mark and Abbott, Jennifer},
    edition     = {DVD},
    keyword     = {everyone},
    publisher   = {Zeitgeist Films},
    title       = {{The Corporation}},
    url         = {{http://www.thecorporation.com}},
    year        = {2004}
}

@Book{the_creature_from_jekyll_island,
    author      = {Griffin, G. Edward},
    edition     = {5th},
    publisher   = {American Media},
    title       = {{The Creature from Jekyll Island: A Second Look at the Federal Reserve}},
    year        = {2010}
}

@Misc{zeitgeist_the_movie,
    author      = {Joseph, Peter},
    edition     = {DVD},
    keyword     = {everyone},
    publisher   = {GMP LLC},
    title       = {{Zeitgeist: The Movie}},
    url         = {http://www.zeitgeistthefilm.com/},
    volume      = {},
    year        = {2007}
}

@Misc{zeitgeist_addendum,
    author      = {Joseph, Peter},
    edition     = {DVD},
    keyword     = {everyone},
    publisher   = {GMP LLC},
    title       = {{Zeitgeist: Addendum}},
    url         = {http://www.zeitgeistaddendum.com/},
    year        = {2008}
}

@Misc{zeitgeist_moving_forward,
    author      = {Joseph, Peter},
    edition     = {DVD},
    keyword     = {everyone},
    publisher   = {GMP LLC},
    title       = {{Zeitgeist: Moving Forward}},
    url         = {http://www.zeitgeistmovingforward.com/},
    year        = {2011}
}

@Misc{cia_drug_plane_crash,
    author      = {Associated Free Press},
    day         = {4},
    month       = {sep},
    publisher   = {Associated Free Press},
    title       = {{Mexico Drug Plane Used for CIA rendition Flights}},
    url         = {http://afp.google.com/article/ALeqM5j6QonBKKMo2gw1e3ql-xUcQEZbVg},
    year        = {2008}
}

% TODO: Replace this with something appropriate, but not from Infowars...
@Misc{top_mexican_drug_lord,
    author      = {Paul J., Watson},
    day         = {27},
    month       = {apr},
    publisher   = {Infowars.com},
    title       = {{Top Mexican Drug Lord: I Trafficked Cocaine For The U.S. Government}},
    url         = {http://www.infowars.com/top-mexican-drug-lord-i-trafficked-cocaine-for-the-u-s-government/},
    year        = {2011}
}

@Misc{doward2009_fake_un_drone_over_iraq,
    author      = {Doward, Jamie and Hinsliff, Gaby and Townsend, Mark},
    day         = {21},
    month       = {jun},
    publisher   = {The Guardian},
    title       = {{Confidential memo reveals US plan to provoke an invasion of Iraq}},
    url         = {http://www.guardian.co.uk/politics/2009/jun/21/iraq-inquiry-tony-blair-bush},
    year        = {2009}
}

% TODO: Replace this with something more credible than AJ...
@Misc{afghan_opium_kingpin,
    author      = {Paul J., Watson},
    day         = {28},
    month       = {oct},
    publisher   = {Prison Planet.com},
    title       = {{NY Times: Afghan Opium Kingpin On CIA Payroll}},
    url         = {http://www.infowars.com/ny-times-afghan-opium-kingpin-on-cia-payroll/},
    year        = {2009}
}

@Misc{cia_drugs_list,
    author      = {Attias, Bernardo},
    day         = {12},
    month       = {oct},
    title       = {{The U.S. Government Is the Biggest Drug Dealer in the World}},
    url         = {http://www.csun.edu/~hfspc002/news/cia.drug.html},
    year        = {1996}
}

@Misc{vicente_rule,
    author      = {{United States of America Northern District of Illinois Eastern Division}},
    day         = {15},
    journal     = {NarcoNews.com},
    month       = {mar},
    title       = {{United States of America V. Jesus Vicente Zambada-Niebla}},
    url         = {http://narcosphere.narconews.com/userfiles/70/Zambada.Notice.Rule12.3.pdf},
    year        = {2011}
}

@Misc{ruppert_confronts_deutch,
    author      = {CitizenInvestigator},
    day         = {15},
    month       = {nov},
    publisher   = {YouTube},
    title       = {{Former LA Police Officer Mike Ruppert Confronts CIA Director John Deutch on Drug Trafficking}},
    url         = {http://www.youtube.com/watch?v=UT5MY3C86bk},
    year        = {1996}
}

@Misc{cspan_wtc,
    author      = {{Free Fall}},
    day         = {27},
    month       = {may},
    publisher   = {YouTube},
    title       = {{Take Your Calls Somewhere Else Part I}},
    url         = {https://www.youtube.com/watch?v=qnVZovV5dyw},
    year        = {2013}
}

@Misc{cspan_wtc2,
    author      = {{Free Fall}},
    day         = {24},
    month       = {jun},
    publisher   = {YouTube},
    title       = {{Take Your Calls Somewhere Else Part II}},
    url         = {https://www.youtube.com/watch?v=qnVZovV5dyw},
    year        = {2013}
}

@Misc{cspan_wtc3,
    author      = {{Free Fall}},
    day         = {19},
    month       = {aug},
    publisher   = {YouTube},
    title       = {{Take Your Calls Somewhere Else Part III}},
    url         = {https://www.youtube.com/watch?v=sqWmOUUHeY0},
    year        = {2013}
}

@Misc{cspan_wtc4,
    author      = {{Free Fall}},
    day         = {19},
    month       = {oct},
    publisher   = {YouTube},
    title       = {{Take Your Calls Somewhere Else Part IV}},
    url         = {https://www.youtube.com/watch?v=RryusiAHm8s},
    year        = {2013}
}

@Misc{statscan_leading_causes_of_death,
    author      = {{Statistics Canada}},
    day         = {25},
    month       = {jul},
    publisher   = {Statistics Canada},
    title       = {{Leading Causes of Death by Sex}},
    url         = {http://www.statcan.gc.ca/tables-tableaux/sum-som/l01/cst01/hlth36a-eng.htm},
    year        = {2012}
}

@Misc{imf_bancor,
    author      = {{Strategy, Policy and Review Department of the International Monetary Fund}},
    day         = {13},
    month       = {apr},
    publisher   = {imf.org},
    title       = {{Reserve Accumulation and International Monetary Stability}},
    url         = {http://www.imf.org/external/np/pp/eng/2010/041310.pdf},
    year        = {2010}
}

@Misc{linux_and_gnu,
    author      = {Stallman, Richard},
    day         = {20},
    month       = {nov},
    publisher   = {Free Software Foundation},
    title       = {{Linux and the GNU Project}},
    url         = {http://www.gnu.org/gnu/linux-and-gnu.html},
    year        = {2011}
}

@Misc{free_software_reliability,
    author      = {FSF},
    day         = {28},
    month       = {feb},
    publisher   = {Free Software Foundation},
    title       = {{Free Software is More Reliable!}},
    url         = {https://www.gnu.org/software/reliability.html},
    year        = {2013}
}

@Misc{free_software_reliability2,
    author      = {Sullivan, John},
    day         = {28},
    month       = {apr},
    publisher   = {Free Software Foundation},
    title       = {{Free Software is Reliable}},
    url         = {https://www.fsf.org/resources/testimonials/reliable.html},
    year        = {2005}
}

@Misc{gnu_initial_announcement,
    author      = {Stallman, Richard},
    day         = {27},
    month       = {sep},
    publisher   = {Free Software Foundation},
    title       = {{new Unix implementation}},
    url         = {https://www.gnu.org/gnu/initial-announcement.html},
    year        = {1983}
}

@Misc{about_gnu_project,
    author      = {Stallman, Richard},
    day         = {10},
    month       = {mar},
    publisher   = {Free Software Foundation},
    title       = {{About the GNU Project}},
    url         = {https://www.gnu.org/gnu/thegnuproject.html},
    year        = {2013}
}

@Misc{what_is_free_software,
    author      = {{Free Software Foundation}},
    day         = {23},
    month       = {june},
    publisher   = {gnu.org},
    title       = {{What is free software?}},
    url         = {https://www.gnu.org/philosophy/free-sw.html},
    year        = {2012}
}

@Misc{blackwater_game,
    author      = {Wikipedia},
    day         = {19},
    month       = {dec},
    publisher   = {Wikipedia},
    title       = {{Blackwater video game}},
    url         = {https://secure.wikimedia.org/wikipedia/en/wiki/Blackwater_\%28video_game\%29},
    year        = {2011}
}

@Misc{hot_coffee_mod,
    author      = {Wikipedia},
    day         = {28},
    month       = {jun},
    publisher   = {Wikipedia},
    title       = {{Hot Coffee mod}},
    url         = {https://en.wikipedia.org/wiki/Hot_Coffee_minigame_controversy},
    year        = {2013}
}

@Misc{linux_non_free,
    author      = {Free Software Foundation Latin America},
    day         = {1},
    edition     = {Rev 6671},
    month       = {mar},
    publisher   = {Free Software Foundation Latin America},
    title       = {{Take your freedom back with Linux--2.6.33--libre}},
    url         = {http://fsfla.org/svnwiki/anuncio/2010-03-Linux-2.6.33-libre},
    year        = {2010}
}

@Misc{ubuntu_surpasses_osx,
    author      = {Barton, Matt},
    day         = {24},
    month       = {oct},
    publisher   = {Free Software Magazine},
    title       = {{Ubuntu surpasses Mac OSX}},
    url         = {http://www.freesoftwaremagazine.com/columns/ubuntu_surpasses_mac_osx},
    year        = {2006}
}

@Misc{water_ice_on_mars,
    author      = {CBC News},
    day         = {24},
    month       = {sep},
    publisher   = {CBC News},
    title       = {{Ice on Mars revealed in fresh craters}},
    url         = {http://www.cbc.ca/news/technology/story/2009/09/24/tech-space-water-mars-crater.html},
    year        = {2009}
}

@Misc{hurricane_katrina_alleged_executions,
    author      = {Towne, Jake},
    day         = {5},
    month       = {oct},
    publisher   = {Champion of the Constitution},
    title       = {{Cynthia McKinney and the Alleged 5,000 Dead Hurricane Katrina Inmates}},
    url         = {http://www.nolanchart.com/article5123-cynthia-mckinney-and-the-alleged-5000-dead-hurricane-katrina-inmates.html},
    year        = {2008}
}

@Misc{campion_smith2012,
    author      = {Campion-Smith, Bruce},
    day         = {14},
    month       = {dec},
    title       = {{Outdated software puts rescue missions at risk, documents warn}},
    url         = {http://www.thestar.com/news/canada/2012/12/14/star_exclusive_outdated_software_puts_rescue_missions_at_risk_documents_warn.html},
    year        = {2012}
}

@Misc{viking_mission_source_data,
    author      = {Jet Propulsion Laboratory},
    day         = {10},
    month       = {apr},
    publisher   = {Jet Propulsion Laboratory, NASA},
    title       = {{Viking Online Data Volumes}},
    url         = {http://pds-imaging.jpl.nasa.gov/volumes/viking.html},
    year        = {2012}
}

@Misc{schwartz2013,
    author      = {Schwartz, Daniel},
    day         = {2},
    month       = {may},
    publisher   = {CBC News},
    title       = {{Q&A: The FBI's role in 'manufacturing' terrorism}},
    url         = {http://www.cbc.ca/news/world/story/2013/05/01/f-q-a-trevor-aaronson.html},
    year        = {2013}
}

@Misc{nasa_audit_missing_samples,
    author      = {{Associated Press}},
    day         = {9},
    month       = {dec},
    publisher   = {CBC News},
    title       = {{NASA audit finds hundreds of space samples missing}},
    url         = {http://www.cbc.ca/news/technology/story/2011/12/09/science-missing-space-samples-nasa.html},
    year        = {2011}
}

@Misc{giant_mine_time_bomb,
    author      = {CBC News},
    day         = {20},
    month       = {jun},
    publisher   = {CBC News},
    title       = {{Giant mine time bomb}},
    url         = {http://www.cbc.ca/player/News/ID/2392608823/},
    year        = {2013}
}

@Misc{dari_vlr,
    author      = {{Cartesian Theatre}},
    day         = {28},
    month       = {apr},
    publisher   = {Data-at-Risk & Rescue Inventory},
    title       = {{Avaneya: Viking Lander Remastered}},
    url         = {http://www.ibiblio.org/data-at-risk/items/show/96},
    year        = {2013}
}

@Misc{dari_about,
    author      = {{Committee on Data for Science & Technology}},
    day         = {27},
    month       = {apr},
    publisher   = {Data at Risk Task Group},
    title       = {{Data at Risk Inventory: About}},
    url         = {http://www.ibiblio.org/data-at-risk/about},
    year        = {2013}
}

@Misc{vicar_shitty_user_guide,
    author      = {Duxbury, Elizabeth and Jensen, Danika},
    day         = {14},
    edition     = {Version 3},
    month       = {oct},
    publisher   = {Jet Propulsion Laboratory, NASA},
    title       = {{VICAR User's Guide}},
    url         = {http://www-mipl.jpl.nasa.gov/external/vug/vugfinal.html},
    year        = {1994}
}

@Misc{grayzeck2008,
    author      = {Grayzeck, Ed},
    day         = {7},
    month       = {oct},
    publisher   = {National Space Science Data Center, NASA},
    title       = {{Frequently Asked Questions: Planetary}},
    url         = {http://nssdc.gsfc.nasa.gov/planetary/planetaryfaq.html\#Viking-lander},
    year        = {2008}
}

@Article{harrit2009,
    author      = {H. Harrit, Niels and Farrer, Jeffrey and E. Jones, Steven and R. Ryan, Kevin and M. Legge, Frank and Farnsworth, Daniel and Roberts, Gregg and R. Gourley, James and R. Larsen, Bradley},
    day         = {13},
    doi         = {10.2174/1874412500902010007},
    issn        = {1874--4125},
    journal     = {The Open Chemical Physics Journal},
    month       = {feb},
    pages       = {pp.~7--31},
    title       = {{Active Thermitic Material Discovered in Dust from the 9/11 World Trade Center Catastrophe}},
    url         = {http://www.benthamscience.com/open/tocpj/articles/V002/7TOCPJ.htm},
    year        = {2009}
}

@Misc{northwoods,
    author      = {Wikipedia},
    day         = {25},
    month       = {mar},
    publisher   = {Wikipedia},
    title       = {{Operation Northwoods}},
    url         = {https://en.wikipedia.org/wiki/Northwoods},
    year        = {2012}
}

@Book{lasn2012,
    author      = {Lasn, Kalle and Adbusters},
    day         = {13},
    month       = {nov},
    publisher   = {Seven Stories Press},
    isbn        = {9781609804732},
    title       = {{Meme Wars: The Creative Destruction of Neoclassical Economics}},
    url         = {https://www.adbusters.org/blogs/meme-wars-interview.html},
    year        = {2012}
}

@Article{lazarou1998_adr,
    author      = {Lazarou, Jason and Pomeranz, Bruce H. and Corey, Paul N.},
    day         = {15},
    journal     = {JAMA},
    month       = {apr},
    pages       = {pp.~1200--1205},
    series      = {15},
    title       = {{Incidence of Adverse Drug Reactions in Hospitalized Patients: A Meta-analysis of Prospective Studies}},
    volume      = {279},
    year        = {1998}
}

@Article{prousky2012_toxicology,
    author      = {Prousky, Jonathan E.},
    day         = {1},
    issn        = {0317-0209},
    journal     = {JOM},
    month       = {nov},
    pages       = {pp.~3--4},
    title       = {{Toxicology of Vitamins}},
    volume      = {27},
    year        = {2012}
}

@Misc{aapcc_annual_reports,
    author      = {{American Association of Poison Control Centers}},
    publisher   = {aapcc.org},
    title       = {{NPDS Annual Reports}},
    url         = {http://www.aapcc.org/dnn/NPDSPoisonData/NPDSAnnualReports.aspx}
}

@Misc{turbeville2010_staged_terror,
    author      = {Turbeville, Brandon},
    day         = {11},
    month       = {nov},
    publisher   = {Activist Post},
    title       = {{Staged Government Terror: An Open Admission Within The British House of Lords}},
    url         = {http://www.activistpost.com/2010/11/staged-government-terror-open-admission.html},
    year        = {2010}
}

@Misc{griffin_andrew2010_murrah_bombing_survivor,
    author      = {Griffin, Andrew W.},
    day         = {19},
    month       = {apr},
    publisher   = {Red Dirt Report},
    title       = {{Murrah bombing survivor says feds involved in blast that killed 168 in '95}},
    url         = {http://www.reddirtreport.com/Story.aspx?id=15077},
    year        = {2010}
}

@Misc{berger2009_mcveigh,
    author      = {Berger, J. M.},
    day         = {01},
    month       = {sep},
    publisher   = {INTELWIRE.com},
    title       = {{Oklahoma City Bombing Witness Linked to CIA -- New Filing Reveals}},
    url         = {http://intelwire.egoplex.com/2009_09_01_exclusives.html},
    year        = {2009}
}

% TODO: Replace this with something more credible than Infowars...
@Misc{watson2006_mcveigh,
    author      = {Watson, Paul Joseph},
    day         = {18},
    month       = {dec},
    publisher   = {Prison Planet.com},
    title       = {{McVeigh Video Destroys OKC Bombing Official Story}},
    url         = {http://www.infowars.com/articles/us/okc_bombing_mcveigh_video_destroys_okc_official_story.htm},
    year        = {2006}
}

% TODO: Replace this with something more credible than Infowars...
@Misc{watson2012_prostitution,
    author      = {Watson, Paul Joseph},
    day         = {7},
    month       = {may},
    publisher   = {Infowars.com},
    title       = {{New York Prostitution Ring Provided Minors For Wealthy Elitists}},
    url         = {http://www.infowars.com/new-york-prostitution-ring-provided-minors-for-wealthy-elitists/},
    year        = {2012}
}

@Misc{auza2008,
    author      = {Auza, Jun},
    day         = {21},
    month       = {jun},
    publisher   = {TechSource},
    title       = {{20 Great Quotes from Richard M. Stallman}},
    url         = {http://www.junauza.com/2008/06/20-great-quotes-from-richard-m-stallman.html},
    year        = {2008}
}

% TODO: Replace this with something more credible than Infowars...
@Misc{watson2013_hastings_crash,
    author      = {Watson, Paul Joseph},
    day         = {9},
    month       = {jul},
    publisher   = {Infowars.com},
    title       = {{Police Firefighters Ordered Not To Speak About Michael Hastings Crash}},
    url         = {http://www.infowars.com/police-firefighters-ordered-not-to-speak-about-michael-hastings-crash/},
    year        = {2013}
}

% TODO: Replace this with something more credible than Infowars...
@Misc{watson2012_syria_massacre_hoax,
    author      = {Watson, Paul Joseph},
    day         = {28},
    month       = {may},
    publisher   = {Infowars.com},
    title       = {{BBC Caught In Syria Massacre Propaganda Hoax}},
    url         = {http://www.infowars.com/bbc-caught-in-syria-massacre-propaganda-hoax/},
    year        = {2012}
}

% TODO: Replace this with something more credible than Infowars...
@Misc{gucciardi2013_syrian_chemical_weapons_false_flag,
    author      = {Gucciardi, Anthony},
    day         = {24},
    month       = {aug},
    publisher   = {Infowars.com},
    title       = {{Flashback: Yahoo Uncovered Syria Chemical Weapon False Flag in January}},
    url         = {http://www.infowars.com/flashback-yahoo-uncovered-syria-chemical-weapon-false-flag-in-january/},
    year        = {2013}
}

@Misc{quinn2013_syrian_chemical_weapons_false_flag,
    author      = {Quinn, Joe},
    day         = {28},
    month       = {aug},
    publisher   = {Sott.net},
    title       = {{Syria Chemical Weapons and the Britam Defence emails}},
    url         = {http://www.sott.net/article/265666-Syria-Chemical-Weapons-and-the-Britam-Defence-emails},
    year        = {2013}
}

@Misc{watson2013_syrian_rebel_admits_chemical_weapons,
    author      = {Joseph Watson, Paul},
    day         = {5},
    month       = {sep},
    publisher   = {Infowars.com},
    title       = {{Video: Syrian Rebel Admits Using Chemical Weapons}},
    url         = {http://www.infowars.com/video-syrian-rebel-admits-using-chemical-weapons/},
    year        = {2013}
}

% TODO: Replace this with something more credible than Infowars...
@Misc{nimmo2012_staged_olympic_terrorism,
    author      = {Nimmo, Kurt},
    day         = {28},
    month       = {may},
    publisher   = {Infowars.com},
    title       = {{Anarchist Group Allied to CIA’s Red Brigades Plan London Olympics Terror}},
    url         = {http://www.infowars.com/anarchist-group-allied-to-cias-red-brigades-plan-london-olympics-terror/},
    year        = {2012}
}

@Misc{bender2011_pentagon,
    author      = {Bender, Bryan},
    day         = {5},
    month       = {jan},
    publisher   = {The Boston Globe},
    title       = {{Pentagon lagged on pursuing porn cases}},
    url         = {http://www.boston.com/news/nation/washington/articles/2011/01/05/pentagon_lagged_on_pursuing_porn_cases/},
    year        = {2011}
}

@Misc{rotten_fruit2011_death_toll,
    author      = {Reuters},
    day         = {23},
    month       = {may},
    publisher   = {Syndney Morning Herald},
    title       = {{Death toll at Apple factory rises to three}},
    url         = {http://www.smh.com.au/digital-life/ipad/death-toll-at-apple-factory-rises-to-three-20110522-1eyl8.html},
    year        = {2011}
}

@Misc{rotten_fruit2011_alarm_over_suicides,
    author      = {Agencies},
    day         = {26},
    month       = {may},
    publisher   = {Al Jazeera},
    title       = {{Alarm over Apple factory suicides}},
    url         = {http://www.aljazeera.com/news/asia-pacific/2010/05/201052685433973378.html},
    year        = {2010}
}

@Misc{rotten_fruit2011_stand_24_hours,
    author      = {Duell, Mark},
    day         = {27},
    month       = {jan},
    publisher   = {Mail Online},
    title       = {{Apple -- Poor working conditions inside the Chinese factories making iPads}},
    url         = {http://www.dailymail.co.uk/news/article-2092277/Apple-Poor-working-conditions-inside-Chinese-factories-making-iPads.html},
    year        = {2012}
}

@Misc{rotten_fruit2011_refused_benefits,
    author      = {Jason, Mick},
    day         = {2},
    month       = {jun},
    publisher   = {Daily Tech},
    title       = {{Employee Worked to Death at Apple Plant -- Family Refused Full Benefits}},
    url         = {http://www.dailytech.com/Employee+Worked+to+Death+at+Apple+Plant+Family+Refused+Full+Benefits/article18591.htm},
    year        = {2010}
}

@Misc{brew2012,
    author      = {Brew, Simon},
    day         = {25},
    month       = {May},
    publisher   = {PC Pro},
    title       = {{Can you buy technology with a clean conscience?}},
    url         = {http://www.pcpro.co.uk/features/374860/can-you-buy-technology-with-a-clean-conscience},
    year        = {2012}
}

@Misc{free_software_motives,
    author      = {Free Software Foundation},
    day         = {12},
    month       = {jan},
    publisher   = {Free Software Foundation},
    title       = {{Motives For Writing Free Software}},
    url         = {https://www.gnu.org/philosophy/fs-motives.html},
    year        = {2012}
}

@Misc{open_source_misses_the_point,
    author      = {Stallman, Richard},
    day         = {20},
    month       = {sep},
    publisher   = {Free Software Foundation},
    title       = {{Why Open Source misses the point of Free Software}},
    url         = {https://www.gnu.org/philosophy/open-source-misses-the-point.html},
    year        = {2011}
}

@Misc{lakhani2005_libre_motivators,
    author      = {Lakhani, Karim R. and G. Wolf, Robert},
    day         = {1},
    journal     = {Perspectives on Free and Open Source Software},
    month       = {jun},
    pages       = {pp.~4--21},
    publisher   = {MIT Press},
    title       = {{Why Hackers Do What They Do -- Understanding Motivation and Effort in Free/Open Source Software Projects}},
    url         = {http://mitpress.mit.edu/books/chapters/0262562278.pdf},
    year        = {2005}
}

@Article{lindsey2012_vitamins_and_diabetes,
    author      = {Lindsey, Stuart},
    day         = {1},
    issn        = {0317-0209},
    journal     = {JOM},
    month       = {nov},
    pages       = {pp.~5--8},
    title       = {{Substituting Vitamins and Supplements for Pharmaceuticals in Type 2 Diabetes}},
    volume      = {27},
    year        = {2012}
}

@Misc{corbett_nist_satire,
    author      = {Corbett, James},
    day         = {27},
    month       = {aug},
    publisher   = {YouTube},
    title       = {{Emergency Warning For Office Workers NIST WTC7}},
    url         = {https://www.youtube.com/watch?v=WlqhyZZnH-U},
    year        = {2008}
}

@Misc{favel2008,
    author      = {infiniLor},
    day         = {8},
    month       = {jul},
    publisher   = {YouTube},
    title       = {{Witness to murder at Indian Residential School}},
    url         = {https://www.youtube.com/watch?v=CReISnQDbBE},
    year        = {2008}
}

@Book{shirer1960,
    author      = {L. Shirer, William},
    edition     = {Twentieth Printing},
    publisher   = {Simon and Schuster Inc., New York},
    title       = {{The Rise and Fall of the Third Reich}},
    year        = {1960}
}

@Book{project_horizon_volume_1,
    author      = {Army Ballistic Missile Agency},
    day         = {9},
    month       = {jun},
    publisher   = {United States Army},
    title       = {{Project Horizon Report: Volume I, Summary and Supporting Considerations}},
    url         = {http://www.history.army.mil/faq/horizon/Horizon_V1.pdf},
    volume      = {1},
    year        = {1959}
}

@Book{project_horizon_volume_2,
    author      = {Army Ballistic Missile Agency},
    day         = {9},
    month       = {jun},
    publisher   = {United States Army},
    title       = {{Project Horizon Report: Volume II, Technical Considerations & Plans}},
    url         = {http://www.history.army.mil/faq/horizon/Horizon_V2.pdf},
    volume      = {2},
    year        = {1959}
}

@Book{roy1965,
    author      = {Roy, R. H.},
    day         = {9},
    edition     = {Reprint},
    isbn        = {0-9685439-0-1},
    month       = {jun},
    publisher   = {Evergreen Press, Vancouver},
    title       = {{The Seaforth Highlanders of Canada. 1919--1965}},
    year        = {1969}
}

@Book{cobb1999,
    author      = {Cobb, Clifford and Sue Goodman, Gary and Wackernagel, Mathis},
    month       = {nov},
    publisher   = {Redefining Progress, San Francisco},
    title       = {{Why Bigger Isn't Better: The Genuine Progress Indicator -- 1999 Update}},
    url         = {http://www.nber.org/~rosenbla/econ302/lecture/GPI-GDP/gpi1999.pdf},
    year        = {1999}
}

@Book{raj2010,
    author      = {Patel, Raj},
    day         = {5},
    edition     = {First Edition},
    isbn        = {031242924X},
    month       = {jan},
    publisher   = {Picador},
    title       = {{The Value of Nothing: How to Reshape Market Society and Redefine Democracy}},
    url         = {http://archive.org/stream/valueofnothingho00pate/valueofnothingho00pate_djvu.txt},
    year        = {2010}
}

@Article{costanzaa2004,
    author      = {Costanzaa, Robert and Ericksona, Jon and Fliggerb, Karen and Adams, Alan and Adams, Christian and Altschuler, Ben and Balter, Stephanie and Fisher, Brendan and Hike, Jessica and Kelly, Joe and Kerr, Tyson and McCauley, Megan and Montone, Keith and Rauch, Michael and Schmiedeskamp, Kendra and Saxton, Dan and Sparacino, Lauren and Tusinski, Walter and Williams, Laurel},
    day         = {1},
    doi         = {10.1016/j.ecolecon.2004.04.009},
    journal     = {Ecological Economics},
    month       = {nov},
    pages       = {pp.~139--155},
    title       = {{Estimates of the Genuine Progress Indicator (GPI) for Vermont, Chittenden County and Burlington, from 1950 to 2000}},
    url         = {http://www.uvm.edu/giee/genuine/Burlington_GPI_paper.pdf},
    volume      = {51},
    year        = {2004}
}

@Misc{coca_cola_case,
    author      = {Garcia, Carmen and Gutierrez, German},
    edition     = {DVD},
    keyword     = {everyone},
    publisher   = {National Film Board of Canada},
    title       = {{The Coca Cola Case}},
    year        = {2009}
}

@Misc{occupy_poll,
    author      = {Coup Media Group},
    day         = {22},
    month       = {apr},
    notes       = {Sort by votes.},
    publisher   = {coupmedia.org},
    title       = {{Occupy Wall Street Poll}},
    url         = {http://coupmedia.org/the-sovereign-peoples-movement.html},
    year        = {2012}
}

﻿@Article{keshavaraj1996,
    author      = {Keshavaraj, Ramesh and Tock, Richard Wm. and Nusholtz, Guy S.},
    doi         = {10.1002/(SICI)1097-4628(19960829)61:9<1541::AID-APP13>3.0.CO;2-T},
    issn        = {1097-4628},
    journal     = {Journal of Applied Polymer Science},
    number      = {9},
    pages       = {pp.~1541--1552},
    publisher   = {Wiley Subscription Services, Inc., A Wiley Company},
    title       = {{A realistic comparison of biaxial performance of nylon 6,6 and nylon 6 fabrics used in passive restraints--airbags}},
    url         = {http://dx.doi.org/10.1002/(SICI)1097-4628(19960829)61:9<1541::AID-APP13>3.0.CO;2-T},
    volume      = {61},
    year        = {1996}
}

@Misc{free_software_more_reliable,
    author      = {Free Software Foundation},
    day         = {20},
    month       = {sep},
    publisher   = {Free Software Foundation},
    title       = {{Free Software is More Reliable}},
    url         = {https://www.gnu.org/software/reliability.html},
    year        = {2011}
}

@Article{cavusoglu2009,
    author      = {Cavusoglu, Kultigin and Guler, Perihan},
    day         = {25},
    journal     = {Journal of Environmental Biology},
    month       = {aug},
    pages       = {pp.~851--856},
    title       = {{Protective effect of kombucha mushroom (KM) tea on chromosomal aberrations induced by gamma radiation in human peripheral lymphocytes {\it in-vitro}}},
    url         = {http://www.jeb.co.in/journal_issues/201009_sep10_supp/paper_18.pdf},
    volume      = {31},
    year        = {2009}
}

@Misc{drugs_ineffective_in_space,
    author      = {TE/HGH},
    day         = {17},
    month       = {apr},
    publisher   = {PressTV},
    title       = {{Drugs not effective in space: Study}},
    url         = {http://edition.presstv.com/detail/175351.html},
    year        = {2011}
}

@Misc{presstv_cia_syria,
    author      = {HJ/HJ},
    day         = {27},
    month       = {jun},
    publisher   = {PressTV},
    title       = {{CIA operative leads al-Qaeda in Syria}},
    url         = {http://edition.presstv.ir/detail/311017.html},
    year        = {2013}
}

@Misc{presstv_cia_iraq_gas_attack,
    author      = {AT/HJ/ARA},
    day         = {27},
    month       = {aug},
    publisher   = {PressTV},
    title       = {{CIA files show agency was involved in Iraq’s gas attack on Iran}},
    url         = {http://presstv.com/detail/2013/08/26/320538/cia-involved-in-iraq-gas-attack-on-iran/},
    year        = {2013}
}

@Book{perkins2005,
    author      = {Perkins, John},
    day         = {27},
    isbn        = {0452287081},
    month       = {dec},
    publisher   = {Plume},
    title       = {{Confessions of an Economic Hit Man}},
    year        = {2005}
}

@Book{black2012,
    author      = {Black, Edwin},
    day         = {16},
    isbn        = {0914153277},
    month       = {feb},
    publisher   = {Dialog Press},
    title       = {{IBM and the Holocaust: The Strategic Alliance Between Nazi Germany and America's Most Powerful Corporation}},
    year        = {2012}
}

@Misc{ross2007,
    author      = {Ross, Brian and Esposito, Richard},
    day         = {22},
    month       = {may},
    publisher   = {ABC News},
    title       = {{Bush Authorizes New Covert Action Against Iran}},
    url         = {http://abcnews.go.com/blogs/headlines/2007/05/bush_authorizes/},
    year        = {2007}
}

@Misc{hersh2008,
    author      = {Hersh, Seymour M.},
    day         = {7},
    month       = {jul},
    publisher   = {The New Yorker},
    title       = {{Preparing the Battlefield}},
    url         = {http://www.newyorker.com/reporting/2008/07/07/080707fa_fact_hersh},
    year        = {2008}
}

@Misc{the_economist_bitrot2012,
    author      = {Leaders},
    day         = {28},
    month       = {apr},
    publisher   = {The Economist Newspaper Limited},
    title       = {{Digital data: Bit rot}},
    url         = {http://www.economist.com/node/21553445},
    year        = {2012}
}

@Article{fogg1996,
    author      = {Fogg, Martyn J.},
    journal     = {Journal of the British Interplanetary Society},
    pages       = {pp.~403--422},
    title       = {{The Utility of Geothermal Energy on Mars}},
    url         = {http://www.users.globalnet.co.uk/~mfogg/fogg1996.pdf},
    volume      = {49},
    year        = {1996}
}

@Misc{gnu_users_who_have_never_heard_of_gnu,
    author      = {Stallman, Richard},
    day         = {20},
    month       = {oct},
    publisher   = {Free Software Foundation},
    title       = {{GNU Users Who Have Never Heard of GNU}},
    url         = {https://www.gnu.org/gnu/gnu-users-never-heard-of-gnu.html},
    year        = {2011}
}

@Article{leape2000,
    author      = {Leape, Lucian L.},
    day         = {5},
    journal     = {JAMA},
    month       = {jul},
    number      = {1},
    pages       = {pp.~95--97},
    title       = {{Institute of Medicine Medical Error Figures Are Not Exaggerated}},
    url         = {http://jama.ama-assn.org/content/284/1/95.short},
    volume      = {284},
    year        = {2000}
}

@Misc{santoso2008,
    author      = {Santoso, Alex},
    day         = {7},
    month       = {jul},
    publisher   = {Neatorama},
    title       = {{Who Owns What on Television?}},
    url         = {http://www.neatorama.com/2008/07/07/who-owns-what-on-television/},
    year        = {2008}
}

@Misc{gnu_linux_support_as_novelty,
    author      = {Larabel, Michael},
    day         = {8},
    month       = {may},
    publisher   = {Phoronix},
    title       = {{NVIDIA Optimus Unofficially Comes To Linux}},
    url         = {http://www.phoronix.com/scan.php?page=news_item&px=OTQxNg},
    year        = {2011}
}

@Misc{gnu_linux_support_non_existent,
    author      = {Viki},
    day         = {3},
    month       = {may},
    publisher   = {System Requirements},
    title       = {{Half-Life 2 Episode Two}},
    url         = {http://gamesystemrequirements.com/games.php?id=38},
    year        = {2012}
}

@Misc{wow_deaths,
    author      = {Ferdinands, Ben},
    day         = {15},
    month       = {mar},
    publisher   = {RPG Ownage},
    title       = {{Documented deaths due to Online Game Addictions}},
    url         = {http://www.rpgownage.com/2011/03/697/},
    year        = {2011}
}

@Misc{nonfree_drm_games_on_gnu_linux,
    author      = {Stallman, Richard},
    day         = {16},
    month       = {May},
    publisher   = {Free Software Foundation},
    title       = {{Nonfree DRM'd Games on GNU/Linux: Good or Bad?}},
    url         = {https://www.gnu.org/philosophy/nonfree-games.html},
    year        = {2012}
}

@Misc{chossudovsky2005_iraq_sas,
    author      = {Chossudovsky, Michel},
    day         = {20},
    month       = {sept},
    publisher   = {Centre for Research on Globalization},
    title       = {{British Undercover Soldiers Caught driving Booby Trapped Car}},
    url         = {http://www.globalresearch.ca/index.php?context=va&aid=972},
    year        = {2005}
}

@Misc{chossudovsky2005_mumbai,
    author      = {Chossudovsky, Michel},
    day         = {19},
    month       = {nov},
    publisher   = {Centre for Research on Globalization},
    title       = {{India’s 9/11. Who was Behind the Mumbai Attacks?}},
    url         = {http://www.globalresearch.ca/india-s-9-11-who-was-behind-the-mumbai-attacks/11217},
    year        = {2008}
}

@Misc{shakir2008,
    author      = {Shakir, Faiz},
    day         = {31},
    month       = {jul},
    publisher   = {ThinkProgress},
    title       = {{To Provoke War, Cheney Considered Proposal To Dress Up Navy Seals As Iranians And Shoot At Them}},
    url         = {http://thinkprogress.org/politics/2008/07/31/26940/cheney-proposal-for-iran-war/},
    year        = {2008}
}

@Misc{secker2010,
    author      = {Secker, Tom},
    day         = {7},
    month       = {dec},
    publisher   = {Centre for Research on Globalization},
    title       = {{False Flags a Fluttering: The History of Deception and the London 7/7 Bombings}},
    url         = {http://www.globalresearch.ca/false-flags-a-fluttering-the-history-of-deception-and-the-london-7-7-bombings/22296},
    year        = {2010}
}

@Misc{marshall2008_gladio,
    author      = {Gavin Marshall, Andrew},
    day         = {17},
    month       = {jul},
    publisher   = {Centre for Research on Globalization},
    title       = {{Operation Gladio: CIA Network of “Stay Behind” Secret Armies}},
    url         = {www.globalresearch.ca/operation-gladio-cia-network-of-stay-behind-secret-armies/9556},
    year        = {2008}
}

@Misc{king2010,
    author      = {King, Tim},
    day         = {30},
    month       = {nov},
    publisher   = {Veterans Today},
    title       = {{Feds Plant Inert Bomb In Portland Before Arresting Muslim Man}},
    url         = {http://www.veteranstoday.com/2010/11/30/feds-plant-inert-bomb-in-portland-before-arresting-muslim-man/},
    year        = {2010}
}

@Misc{mars_failures,
    author      = {Burk, James and Green, Dustin},
    day         = {22},
    month       = {jul},
    publisher   = {MarsNews.com},
    title       = {{All Missions to Mars}},
    url         = {http://www.marsnews.com/missions/allmissions.html},
    year        = {2011}
}

@Misc{agenda_21,
    author      = {{United Nations}},
    day         = {14},
    month       = {jun},
    publisher   = {United Nations Department of Economic and Social Affairs},
    title       = {{United Nations Conference on Environment & Development Rio de Janerio}},
    url         = {http://www.un.org/esa/sustdev/agenda21.htm},
    year        = {1992}
}

@Misc{piratebay,
    author      = {{The Pirate Bay}},
    day         = {25},
    month       = {Aug},
    publisher   = {The Pirate Bay},
    title       = {{The Pirate Bay -- The galaxy's most resilient bittorrent site}},
    url         = {https://thepiratebay.se/about},
    year        = {2012}
}

@Misc{rotten_rotties_game,
    author      = {RetroGameDepot},
    day         = {27},
    month       = {jun},
    publisher   = {YouTube},
    title       = {{Ronald McDonald in Magical World - Sega Game Gear}},
    url         = {https://www.youtube.com/watch?v=lMTnpj38CP4},
    year        = {2009}
}

@Misc{scishow_epigenetics,
    author      = {Green, Hank},
    day         = {22},
    month       = {jan},
    publisher   = {YouTube},
    title       = {{Epigenetics}},
    url         = {https://www.youtube.com/watch?v=kp1bZEUgqVI},
    year        = {2012}
}

@Misc{macqueen_911_peace_movement,
    author      = {MacQueen, Dr. Graeme},
    day         = {6},
    month       = {dec},
    publisher   = {YouTube},
    title       = {{9/11 Truth: the Challenge to the Peace Movement}},
    url         = {https://www.youtube.com/watch?feature=player_embedded&v=NUISz8Uwh6A},
    year        = {2009}
}

@Misc{h2oil,
    author      = {Walsh, Shannon},
    edition     = {DVD},
    keyword     = {everyone},
    publisher   = {Loaded Pictures},
    title       = {{H2Oil}},
    url         = {http://www.h2oildoc.com/},
    volume      = {},
    year        = {2009}
}

@Book{webb1996,
    author      = {Webb, Gary},
    day         = {8},
    edition     = {2nd},
    month       = {jun},
    publisher   = {Seven Stories Press},
    title       = {{Dark Alliance: The CIA, the Contras, and the Cocaine Explosion}},
    year        = {1999}
}

@Misc{last_white_hope,
    author      = {Booth, Kevin},
    edition     = {DVD},
    keyword     = {everyone},
    publisher   = {Sacred Crow},
    title       = {{American Drug War: The Last White Hope}},
    url         = {http://www.americandrugwar.com/},
    volume      = {},
    year        = {2007}
}

@Misc{banks_drug_cartels,
    author      = {Smith, Michael},
    day         = {28},
    month       = {Jun},
    publisher   = {Bloomberg},
    title       = {{Banks Financing Mexico Gangs Admitted in Wells Fargo Deal}},
    url         = {http://www.bloomberg.com/news/2010-06-29/banks-financing-mexico-s-drug-cartels-admitted-in-wells-fargo-s-u-s-deal.html},
    year        = {2010}
}

@Book{malthus1798,
    author      = {Malthus, Thomas},
    publisher   = {{St. Paul's Church-yard}},
    title       = {{An Essay on the Principle of Population}},
    year        = {1798}
}

@Misc{juicemedia_climate_change,
    author      = {TheJuiceMedia},
    day         = {17},
    month       = {nov},
    publisher   = {YouTube},
    title       = {{RAP NEWS 3: Lord Monckton Rap Battles Al Gore on Climate Change}},
    url         = {https://www.youtube.com/watch?feature=player_embedded&v=KBzR0-j0O0o},
    year        = {2009}
}

% Publication day and month are guesses since I don't know actual...
@Article{goodnight1980,
    author      = {Goodnight, G. Thomas},
    day         = {1},
    journal     = {Proceedings of the Summer Conference on Argumentation},
    month       = {jan},
    pages       = {pp.~304--337},
    publisher   = {Speech Communication Association},
    title       = {{The Liberal and the Conservative Presumptions: On Political Philosophy and the Foundation of Public Argument}},
    year        = {1979}
}

@Misc{oxfam2004,
    author      = {Earthworks and Oxfam America},
    day         = {11},
    month       = {feb},
    publisher   = {Earthworks and Oxfam America},
    title       = {{Dirty Metals: Mining, Communities and the Environment}},
    url         = {http://www.oxfamamerica.org/files/dirty-metals.pdf},
    year        = {2004}
}

@Book{gourley2012,
    author      = {Gourley, James R.},
    day         = {9},
    isbn        = {1478369205},
    month       = {nov},
    publisher   = {CreateSpace Independent Publishing Platform},
    title       = {{The 9/11 Toronto Report}},
    year        = {2012}
}

@Article{wilson2007,
    author      = {S. Wilsona, Andrew and Taylora, Timothy and Constanza Cerutic, Maria and Antonio Chavezd, Jose and Reinharde, Johan and Grimesa, Vaughan and Meier-Augensteing, Wolfram and Cartmell, Larry and Sterna, Ben and P. Richardsf, Michael and Worobeyi, Michael and Barnesj, Ian and Thomas P. Gilberti, M.},
    day         = {21},
    journal     = {PNAS},
    month       = {aug},
    pages       = {pp.~16456--16461},
    series      = {42},
    title       = {{Stable isotope and DNA evidence for ritual sequences in Inca child sacrifice}},
    url         = {http://www.pnas.org/content/104/42/16456},
    volume      = {104},
    year        = {2007}
}

@Misc{fielding2013_british_mp_paedophiles,
    author      = {Fielding, James},
    day         = {20},
    month       = {oct},
    publisher   = {The Daily Express},
    title       = {{Police gunman told me to ignore paedophiles says ex-child protection officer}},
    url         = {http://www.express.co.uk/news/uk/437954/Police-gunman-told-me-to-ignore-paedophiles-says-ex-child-protection-officer},
    year        = {2013}
}

@Book{asimov1981,
    author      = {Asimov, Isaac},
    day         = {1},
    edition     = {1st},
    isbn        = {0385171455},
    month       = {oct},
    publisher   = {Garden City, NY: Doubleday & Company, Inc.},
    title       = {{The Sun Shines Bright}},
    year        = {1981}
}

@Misc{foodwaste,
    author      = {CBC News},
    day         = {10},
    month       = {jan},
    publisher   = {CBC News},
    title       = {{New Report Finds Almost Half of the World's Food Goes to Waste}},
    url         = {http://www.cbc.ca/strombo/social-issues/new-report-finds-almost-half-of-the-worlds-food-goes-to-waste.html},
    year        = {2013}
}

@Misc{roberts2013,
    author      = {Roberts, David},
    day         = {17},
    month       = {apr},
    title       = {{None of the world’s top industries would be profitable if they paid for the natural capital they use}},
    url         = {http://grist.org/business-technology/none-of-the-worlds-top-industries-would-be-profitable-if-they-paid-for-the-natural-capital-they-use/},
    year        = {2013}
}

@Book{shedroff2012,
    author      = {Shedroff, Nathan and Noessel, Christopher},
    day         = {13},
    edition     = {1st},
    isbn        = {1933820985},
    keyword     = {artists},
    month       = {sep},
    publisher   = {Rosenfeld Media},
    title       = {{Make It So: Interaction Design Lessons from Science Fiction}},
    year        = {2012}
}

@Misc{bowie2012,
    author      = {Bowie, Nile},
    day         = {23},
    month       = {mar},
    title       = {{AFRICOM Report: Combating Chinese Economic Encroachment in Central Africa}},
    url         = {http://nilebowie.blogspot.ca/2012/03/africom-report-combating-chinese.html},
    year        = {2012}
}

@Article{hardy2012,
    year        = {2012},
    issn        = {0028-1042},
    journal     = {Naturwissenschaften},
    volume      = {99},
    issue       = {8},
    doi         = {10.1007/s00114-012-0942-0},
    title       = {Neanderthal medics? Evidence for food, cooking, and medicinal plants entrapped in dental calculus},
    url         = {http://dx.doi.org/10.1007/s00114-012-0942-0},
    publisher   = {Springer--Verlag},
    author      = {Hardy, Karen and Buckley, Stephen and Collins, MatthewJ. and Estalrrich},
    pages       = {pp.~617--626}
}

@Misc{about_ubuntu,
    author      = {Canonical},
    day         = {9},
    month       = {sep},
    publisher   = {Canonical},
    title       = {{The Ubuntu story}},
    url         = {http://www.ubuntu.com/about/about-ubuntu},
    year        = {2013}
}

@Misc{xdg_games_inactivity,
    author      = {Paeps, Philip},
    day         = {8},
    month       = {jun},
    publisher   = {freedesktop.org Mailing Lists: Games},
    title       = {{List still active?}},
    url         = {http://lists.freedesktop.org/archives/games/2013-June/000429.html},
    year        = {2013}
}

@Misc{drum2013,
    author      = {Drum, Kevin},
    day         = {16},
    month       = {feb},
    title       = {{America's Real Criminal Element: Lead}},
    url         = {http://www.motherjones.com/environment/2013/01/lead-crime-link-gasoline},
    year        = {2013}
}

@Article{wasiak2012,
    author      = {Wasiak, Patryk},
    day         = {3},
    journal     = {Zeithistorische Forschungen/Studies in Contemporary History},
    month       = {aug},
    pages       = {pp.~1558--1565},
    series      = {9752},
    title       = {{Illegal Guys. A History of Digital Subcultures in Europe during the 1980s}},
    url         = {http://www.zeithistorische-forschungen.de/16126041-Wasiak-2-2012},
    volume      = {9},
    year        = {2012}
}

@Misc{adbusters_production_of_meaning,
    author      = {Adbusters Media Foundation},
    day         = {22},
    month       = {sep},
    publisher   = {YouTube},
    title       = {{The Production of Meaning}},
    url         = {https://www.youtube.com/watch?feature=player_embedded&v=Z2GKajcU3ns},
    year        = {2008}
}

@Misc{taraborelli2011,
    author      = {Taraborelli, Dario},
    day         = {4},
    month       = {jul},
    publisher   = {nitens.org},
    title       = {{The Beauty of LaTeX}},
    url         = {http://nitens.org/taraborelli/latex},
    year        = {2011}
}

@Article{murillo2012,
    author      = {Murillo, Angela P. and A. Thompson, Cheryl and Carver, Nico and Davenport Robertson, W. and Greenberg, Jane and Anderson, William L.},
    day         = {28},
    doi         = {10.1002/meet.14504901346},
    journal     = {Proceedings of the American Society for Information Science and Technology},
    month       = {oct},
    pages       = {pp.~1--3},
    title       = {{The data--at--risk initiative: Analyzing the current state of endangered scientific data}},
    url         = {http://onlinelibrary.wiley.com/doi/10.1002/meet.14504901346/abstract},
    volume      = {49},
    year        = {2012}
}

@Article{henrich2010,
    author      = {J., Henrich and S.J., Heine and A., Norenzayan},
    day         = {15},
    doi         = {10.1017/S0140525X0999152X},
    journal     = {The Behavioral and brain sciences},
    month       = {jun},
    pages       = {pp.~61--83},
    title       = {{The weirdest people in the world?}},
    url         = {https://www.ncbi.nlm.nih.gov/pubmed/20550733},
    volume      = {33},
    year        = {2010}
}

% TODO: Replace this with something appropriate, but not from Infowars...
@Misc{saudi_russian_olympic_threat,
    author      = {Paul J., Watson},
    day         = {27},
    month       = {aug},
    publisher   = {Infowars.com},
    title       = {{Saudis Threaten Russia With Olympic Terrorist Attacks Unless It Abandons Syria Support}},
    url         = {http://www.infowars.com/saudis-threaten-russia-with-olympic-terrorist-attacks-unless-it-abandons-syria-support/},
    year        = {2013}
}

@Misc{washingtons_blog_wesley_clark_regime_change,
    author      = {WashingtonsBlog},
    day         = {28},
    month       = {nov},
    publisher   = {Washington's Blog},
    title       = {{Neoconservatives Planned Regime Change Throughout the Middle East and North Africa 20 Years Ago}},
    url         = {http://www.washingtonsblog.com/2011/11/neoconservatives-planned-regime-change-throughout-the-middle-east-and-northern-africa-20-years-ago.html},
    year        = {2011}
}

@Misc{corsi2013_syrian_gas,
    author      = {Corsi, Jerome},
    day         = {27},
    month       = {aug},
    publisher   = {Prison Planet.com},
    title       = {{Evidence: Syria gas attack work of U.S. allies}},
    url         = {http://www.prisonplanet.com/evidence-syria-gas-attack-work-of-u-s-allies.html},
    year        = {2013}
}

% TODO: Replace this with something appropriate, but not from Infowars...
@Misc{gucciardi2013_syrian_gas,
    author      = {Gucciardi, Anthony},
    day         = {28},
    month       = {aug},
    publisher   = {Infowars.com},
    title       = {{Syria: US Aided Terrorists in Chemical Attack, Europe Next}},
    url         = {http://www.infowars.com/syria-us-aided-terrorists-in-chemical-attack-europe-next/},
    year        = {2013}
}

@Misc{roberts2013_syrian_gas,
    author      = {Roberts, Paul Craig},
    day         = {27},
    month       = {aug},
    publisher   = {Centre for Research on Globalization},
    title       = {{Syria: Another Western War Crime In The Making}},
    url         = {http://www.globalresearch.ca/syria-another-western-war-crime-in-the-making},
    year        = {2013}
}

@Misc{milmo2013_syrian_fluoride,
    author      = {Milmo, Cahal},
    day         = {2},
    month       = {sep},
    publisher   = {The Independent},
    title       = {{Revealed: UK Government let British company export nerve gas chemicals to Syria}},
    url         = {http://www.independent.co.uk/news/uk/politics/revealed-uk-government-let-british-company-export-nerve-gas-chemicals-to-syria-8793642.html},
    year        = {2013}
}

@Misc{bbc2013_del_ponte_syrian_sarin,
    author      = {BBC},
    day         = {6},
    month       = {may},
    publisher   = {BBC},
    title       = {{UN's Del Ponte says evidence Syria rebels 'used sarin'}},
    url         = {http://www.bbc.co.uk/news/world-middle-east-22424188},
    year        = {2013}
}

@Misc{rt2013_turkey_finds_sarin,
    author      = {RT},
    day         = {30},
    month       = {may},
    publisher   = {Russia Today},
    title       = {{Turkey finds sarin gas in homes of suspected Syrian Islamists – reports}},
    url         = {http://rt.com/news/sarin-gas-turkey-al-nusra-021/},
    year        = {2013}
}

@Misc{ingersol2012_iran_false_flag,
    author      = {Ingersol, Geoffrey and Kelley, Michael},
    day         = {26},
    month       = {sep},
    publisher   = {Business Insider},
    title       = {{Lobbyist Says Israel Should Create A 'False Flag' To Start A War With Iran}},
    url         = {http://www.businessinsider.com/top-researcher-suggests-israel-get-nastier-with-iran-sink-sub-illicit-false-flag-2012-9},
    year        = {2012}
}

@Misc{gavlak2013_saudi_bandar_gas,
    author      = {Gavlak, Dale and Ababneh, Yahya},
    day         = {29},
    month       = {aug},
    publisher   = {Mint Press News},
    title       = {{EXCLUSIVE: Syrians In Ghouta Claim Saudi-Supplied Rebels Behind Chemical Attack}},
    url         = {http://www.mintpressnews.com/witnesses-of-gas-attack-say-saudis-supplied-rebels-with-chemical-weapons/168135/},
    year        = {2013}
}

@Misc{moss2013_homeless_coder,
    author      = {Moss, Caroline and Libetti, Robert},
    day         = {26},
    month       = {sep},
    publisher   = {Business Insider},
    title       = {{Homeless Coder}},
    url         = {http://www.businessinsider.com/homeless-coder-2013-9},
    year        = {2013}
}

@Misc{istreams2013,
    author      = {{Mother Agnes Mariam of the Cross}},
    day         = {11},
    month       = {sep},
    publisher   = {The International Institute for Peace, Justice and Human Rights},
    title       = {{The Chemical Attacks on East Ghouta to Justify Military Right to Protect Intervention in Syria}},
    url         = {http://www.globalresearch.ca/STUDY_THE_VIDEOS_THAT_SPEAKS_ABOUT_CHEMICALS_BETA_VERSION.pdf},
    year        = {2013}
}

@Misc{cbc2013_toxic_sugar,
    author      = {CBC News},
    day         = {4},
    month       = {oct},
    publisher   = {CBC News},
    title       = {{How 'toxic' is sugar?}},
    url         = {http://www.cbc.ca/player/News/ID/2410324126/},
    year        = {2013}
}

@Misc{rt2013_saudi_black_op_damascus_gas,
    author      = {RT},
    day         = {4},
    month       = {oct},
    publisher   = {Russia Today},
    title       = {{Saudi black op team behind Damascus chem weapons attack -- diplomatic sources}},
    url         = {http://rt.com/news/syria-sarin-saudi-provocation-736/},
    year        = {2013}
}

@Misc{long2013_cheney_in_toronto,
    author      = {{Long, David}},
    day         = {29},
    month       = {oct},
    publisher   = {911 Justice Canada},
    title       = {{Torturer to visit Canada on October 31 2013}},
    url         = {http://911justicecanada.ca/torturer-to-visit-canada-on-october-31-2013/},
    year        = {2013}
}

@Misc{planck2013_silicon_valley_food,
    author      = {Planck, Nina},
    day         = {23},
    month       = {oct},
    publisher   = {Huffington Post},
    title       = {{Silicon Valley Turns to Food -- and Gets It Wrong}},
    url         = {http://www.huffingtonpost.com/nina-planck/silicon-valley-food_b_4146275.html},
    year        = {2013}
}

@Misc{curtiss1992_lavon_affair,
    author      = {Curtiss, Richard H.},
    month       = {jul},
    pages       = {41--42, 86},
    publisher   = {Washington Report on Middle East Affairs},
    title       = {{The Lavon Affair: When Israel Firebombed U.S. Installations}},
    url         = {http://www.wrmea.org/wrmea-archives/141-washington-report-archives-1988-1993/july-1992/6852-the-lavon-affair-when-israel-firebombed-us-installations.html},
    year        = {1992}
}

@Misc{underbakke2010_uss_liberty,
    author      = {Underbakke, Melva},
    month       = {aug},
    pages       = {57},
    publisher   = {Washington Report on Middle East Affairs},
    title       = {{Human Rights: What Happened to the USS Liberty?}},
    url         = {http://www.wrmea.org/wrmea-archives/357-washington-report-archives-2006-2010/august-2010/9704-human-rights-what-happened-to-the-uss-liberty.html},
    year        = {2010}
}

@Article{wood2013_what_about_building_7,
    author      = {MJ, Wood and KM, Douglas},
    day         = {8},
    doi         = {10.3389/fpsyg.2013.00409},
    journal     = {Front. Psychol},
    month       = {jul},
    pages       = {pp.~1--9},
    title       = {{What about building 7? A social psychological study of online discussion of 9/11 conspiracy theories}},
    url         = {http://www.frontiersin.org/Personality_Science_and_Individual_Differences/10.3389/fpsyg.2013.00409/abstract},
    volume      = {4},
    year        = {2013}
}

@Misc{ilo1998_child_prostitution,
    author      = {Lean Lim, Lin},
    day         = {19},
    month       = {aug},
    publisher   = {ILO},
    title       = {{Sex industry assuming massive proportions in Southeast Asia}},
    url         = {http://www.ilo.org/global/about-the-ilo/media-centre/press-releases/WCMS_007994/lang--en/index.htm},
    year        = {1998}
}

@Book{anielski2007_economics_of_happiness,
    author      = {Anielski, Mark},
    day         = {1},
    isbn        = {0865715963},
    month       = {sep},
    publisher   = {New Society Publishers},
    title       = {{The Economics of Happiness: Building Genuine Wealth}},
    year        = {2007}
}

@Article{cook2000_canadian_war_rum,
    author      = {Cook, Tim},
    journal     = {Canadian Military History},
    month       = {Winter},
    pages       = {pp.~6--22},
    series      = {1},
    title       = {{"More a medicine than a beverage": 'Demon Rum' and the Canadian Trench Soldier of the First World War}},
    url         = {http://scholars.wlu.ca/cmh/vol9/iss1/2 },
    volume      = {9},
    year        = {2000}
}

@Article{miller2011_vaccination_infant_mortality,
    author      = {Z Miller, Neil and S Goldman, Gary},
    day         = {4},
    doi         = {10.1177/0960327111407644},
    journal     = {Human & Experimental Toxicology},
    month       = {may},
    pages       = {pp.~1420--1428},
    series      = {9},
    title       = {{Infant mortality rates regressed against number of vaccine doses routinely given: Is there a biochemical or synergistic toxicity?}},
    url         = {http://het.sagepub.com/content/30/9/1420},
    volume      = {30},
    year        = {2011}
}

@Misc{wikipedia_order_in_council,
    author      = {Wikipedia},
    day         = {11},
    month       = {sep},
    publisher   = {Wikipedia},
    title       = {{Order in Council}},
    url         = {https://en.wikipedia.org/wiki/Order_in_council},
    year        = {2013}
}

@Misc{wikipedia_notwithstanding_clause,
    author      = {Wikipedia},
    day         = {7},
    month       = {oct},
    publisher   = {Wikipedia},
    title       = {{Section Thirty-three of the Canadian Charter of Rights and Freedoms}},
    url         = {https://en.wikipedia.org/wiki/Notwithstanding_clause},
    year        = {2013}
}

@Misc{letter_to_minister_regarding_911_enza_uda,
    author      = {Uda, Enza},
    day         = {18},
    keyword     = {everyone},
    month       = {mar},
    publisher   = {thevertigo.com},
    title       = {{Enza Uda Associate Producer CBC News Go Public}},
    url         = {http://goo.gl/TlhdCQ},
    year        = {2011}
}

@Misc{cbc2013_tim_hortons_coin_thrower,
    author      = {CBC News},
    day         = {4},
    month       = {sep},
    publisher   = {CBC News},
    title       = {{Tim Hortons coin thrower found guilty of assault}},
    url         = {http://www.cbc.ca/news/canada/new-brunswick/tim-hortons-coin-thrower-found-guilty-of-assault-1.1381573},
    year        = {2013}
}

@Misc{wikipedia_opium_wars,
    author      = {Wikipedia},
    day         = {4},
    month       = {nov},
    publisher   = {Wikipedia},
    title       = {{Opium Wars}},
    url         = {https://en.wikipedia.org/wiki/Opium_wars},
    year        = {2013}
}

% TODO: Replace this with something more credible than AJ...
@Misc{watson2011_tim_osman_dead,
    author      = {Paul J., Watson},
    day         = {4},
    month       = {may},
    publisher   = {Prison Planet.com},
    title       = {{Top Government Insider: Bin Laden Died In 2001, 9/11 A False Flag}},
    url         = {www.infowars.com/top-us-government-insider-bin-laden-died-in-2001-911-a-false-flag/},
    year        = {2011}
}

@Misc{the_light_bulb_conspiracy,
    author      = {Dannoritzer, Cosima and Ubeda, Joan},
    edition     = {DVD},
    publisher   = {Media 3.14},
    title       = {{The Light Bulb Conspiracy}},
    url         = {{http://vimeo.com/40784272}},
    year        = {2010}
}

@Misc{ge_light_bulb_planned_obsolescence,
    author      = {Hughes, Dale C.},
    day         = {22},
    month       = {dec},
    publisher   = {General Electric Company},
    title       = {{Design Life of 2330 Lamp}},
    url         = {{http://goo.gl/HvoYOC}},
    year        = {1929}
}

@Misc{goodman2009_staged_angola_intel,
    author      = {Goodman, Melvin A.},
    day         = {22},
    month       = {may},
    publisher   = {The Public Record},
    title       = {{The CIA’s History of Bamboozling The Congress}},
    url         = {http://pubrecord.org/commentary/806/the-cia-and-its-history-of-bamboozling-the-congress/},
    year        = {2009}
}

