% This is part of the Avaneya Project Crew Handbook.
% Copyright (C) 2010, 2011, 2012
%   Kshatra Corp.
% See the file License for copying conditions.

@misc{asymptotic_notation,
    author  = "Walker, Julienne",
    year    = "2012",
    month   = "apr",
    title   = "Asymptotic Notation",
    url     = "http://www.eternallyconfuzzled.com/arts/jsw_art_bigo.aspx"
}

@Book{,
    author      = "",
    day         = "",
    edition     = "",
    journal     = "",
    keyword     = "",
    month       = "",
    note        = "",
    pages       = "",
    publisher   = "",
    series      = "",
    title       = "",
    url         = "",
    volume      = "",
    year        = ""
}

@Book{top_posting,
    day         = "7",
    month       = "mar",
    publisher   = "Wikipedia",
    title       = "Posting style: Top-posting",
    url         = "https://secure.wikimedia.org/wikipedia/en/wiki/Top_posting\#Top-posting",
    year        = "2012"
}

@Book{html_mail_bad,
    author      = "Isaac, Alan G.",
    day         = "15",
    month       = "feb",
    publisher   = "American.edu",
    title       = "HTML Email: Whenever Possible, Turn It Off!",
    url         = "https://subversion.american.edu/aisaac/notes/htmlmail.htm",
    year        = "2002"
}

@Book{git_sucks,
    author      = "Remnant, Scott James",
    day         = "17",
    month       = "feb",
    title       = "GIT sucks",
    url         = "http://netsplit.com/2009/02/17/git-sucks/",
    year        = "2009"
}

@Book{i_hate_git,
    author      = "?, Steve",
    day         = "24",
    month       = "feb",
    publisher   = "Steveko's Blog",
    title       = "10 things I hate about Git",
    url         = "https://steveko.wordpress.com/2012/02/24/10-things-i-hate-about-git/",
    year        = "2012"
}

@Book{seahorse,
    day         = "8",
    month       = "apr",
    publisher   = "The GNOME Project",
    title       = "Seahorse",
    url         = "https://live.gnome.org/Seahorse",
    year        = "2011"
}

@Book{high_tech_trash,
    author      = "Caroll, Chris",
    month       = "jan",
    publisher   = "National Geographic",
    title       = "High-Tech Trash",
    url         = "http://ngm.nationalgeographic.com/2008/01/high-tech-trash/carroll-text",
    year        = "2008"
}

@Book{opengl_yellow_book,
    author      = {{Rost, Randi J.}, {Licea-Kane, Bill}},
    day         = "30",
    edition     = "3rd",
    keyword     = "engineers",
    month       = "jul",
    publisher   = "Addison-Wesley Professional",
    title       = "OpenGL Shading Language",
    year        = "2009"
}

@Book{intel_optimization_manual,
    month       = "nov",
    pages       = "A--13",
    publisher   = "Intel",
    title       = "IntelÂ® 64 and IA--32 Architectures Optimization Reference Manual",
    url         = "http://www.intel.com/content/dam/doc/manual/64-ia-32-architectures-optimization-manual.pdf",
    year        = "2009"
}

@Book{game_engine_architecture,
    author      = "Gregory, Jason",
    keyword     = "engineers",
    title       = "Game Engine Architecture",
    publisher   = "A K Peters",
    year        = "2009"
}

@Book{lua_programming_gems,
    author      = {{Figueiredo, Luiz Henrique De.},{Celes, Waldemar}, {Ierusalimschy, Roberto}},
    keyword     = "engineers",
    title       = "Lua Programming Gems",
    publisher   = "Lua.org",
    year        = "2008"
}

@Book{computational_intelligence,
    author      = {{Poole, David L.}, {Mackworth, Alan K.}, {Goebel, Randy}},
    keyword     = "engineers",
    publisher   = "New York: Oxford UP",
    title       = "Computational Intelligence: A Logical Approach",
    year        = "1998"
}

@Book{infinite_game_universe_2,
    author      = "Lecky-Thompson, Guy W",
    keyword     = "engineers",
    publisher   = "Hingham, MA: Charles River Media",
    title       = "Infinite Game Universe: Level Design, Terrain, and Sound",
    volume      = "2",
    year        = "2002"
}

@Book{openal_shaders,
    author      = "Warner, Kip",
    day         = "26",
    journal     = "OpenAL Usage Issues",
    month       = "jan",
    publisher   = "Creative Labs",
    title       = "OpenAL Shaders",
    url         = "http://opensource.creative.com/pipermail/openal/2010-January/011972.html",
    year        = "2010"
}

@Book{mola,
    author      = "PDS Geosciences Node",
    day         = "21",
    month       = "feb",
    publisher   = "NASA",
    title       = "Mars Global Surveyor: MOLA",
    url         = "http://pds-geosciences.wustl.edu/missions/mgs/mola.html",
    year        = "2012"
}

@Book{geiss_fractal_terrain,
    author      = "Geiss, Ryan",
    publisher   = "Upper Saddle River, NJ: Addison-Wesley",
    series      = "GPU Gems",
    title       = "Generating Complex Procedural Terrains Using the GPU",
    url         = "http://http.developer.nvidia.com/GPUGems3/gpugems3_ch01.html",
    volume      = "3",
    year        = "2008"
}

@Book{geiss_fractal_terrain_demo,
    author      = "Geiss, Ryan",
    day         = "20",
    month       = "mar",
    note        = "The video is 33 megabytes.",
    url         = "http://www.geisswerks.com/gpugems3ch/MVI_7867.avi",
    year        = "2009"
}

@Article{using_noise_in_shaders,
    author      = "Wolff, David A.",
    journal     = "OpenGL 4.0 Shading Language Cookbook",
    publisher   = "Birmingham England: Packt Pub",
    title       = "Using Noise in Shaders",
    year        = "2011"
}

@Book{mersenne_twister,
    author      = "Walker, Julienne",
    day         = "1",
    month       = "apr",
    title       = "Mersenne Twister",
    url         = "http://www.eternallyconfuzzled.com/tuts/algorithms/jsw_tut_rand.aspx\#mersenne",
    year        = "2012"
}

@Book{hubbert_curve,
    day         = "18",
    edition     = "",
    journal     = "",
    keyword     = "",
    month       = "mar",
    note        = "",
    pages       = "",
    publisher   = "Wikipedia",
    series      = "",
    title       = "Hubbert curve",
    url         = "https://en.wikipedia.org/wiki/Hubbert_curve",
    volume      = "",
    year        = "2012"
}

@Misc{equality_trust,
    day         = "3",
    month       = "apr",
    publisher   = "The Equality Trust",
    title       = "Publications",
    url         = "http://www.equalitytrust.org.uk/resources/publications",
    year        = "2012"
}

@Misc{gcc_vector_extensions,
    publisher   = "Free Software Foundation",
    title       = "Using Vector Instructions through Built-in Functions",
    url         = "http://gcc.gnu.org/onlinedocs/gcc/Vector-Extensions.html",
}

@Book{three_d_computer_graphics,
    author      = "Glassner, Andrew",
    edition     = "Second",
    keyword     = "artists",
    publisher   = "Green Editorial",
    title       = "3D Computer Graphics",
    year        = "1994"
}

@Book{beginning_gimp,
    author      = "Peck, Akkana",
    keyword     = "artists",
    publisher   = "Apress",
    title       = "Beginning GIMP: From Novice to Professional",
    year        = "2009"
}

@Book{blender_25_materials_and_textures_cookbook,
    author      = "Litster, Colin",
    keyword     = "artists",
    publisher   = "Packt Publishing",
    title       = "Blender 2.5 Materials and Textures Cookbook",
    year        = "2011"
}

@Book{blender_3d_incredible_machines,
    author      = "Brito, Allan",
    keyword     = "artists",
    publisher   = "Packt Publishing",
    title       = "Blender 3D 2.49 Incredible Machines",
    year        = "2009"
}

@Book{blender_3d_architecture,
    author      = "Brito, Allan",
    keyword     = "artists",
    publisher   = "Packt Publishing",
    title       = "Blender 3D Architecture, Buildings, and Scenery",
    year        = "2008"
}

@Book{blender_studio_projects,
    author      = {{Mullen, Tony}, {Andaur, Claudio}},
    keyword     = "artists",
    publisher   = "Sybex",
    title       = "Blender Studio Projects: Digital Movie-Making",
    year        = "2010"
}

@Book{introducing_character_animation_with_blender,
    author      = "Mullen, Tony",
    keyword     = "artists",
    publisher   = "Sybex",
    title       = "Introducing Character Animation with Blender",
    year        = "2007"
}

@Book{essential_blender,
    author      = "Hess, Roland",
    keyword     = "artists",
    publisher   = "No Starch Press",
    title       = "The Essential Blender: Guide to 3D Creation with the Open Source Suite Blender",
    year        = "2007"
}

@Book{autotools_practioners_guide,
    author      = "Calcote, John",
    keyword     = "engineers",
    publisher   = "No Starch Press",
    title       = "Autotools: A Practioner's Guide to GNU Autoconf, Automake, and Libtool",
    year        = "2010"
}

@Book{beginning_game_audio_programming,
    author      = "McCuskey, Mason",
    keyword     = "engineers",
    publisher   = "Premier-Trade",
    title       = "Beginning Game Audio Programming",
    year        = "2003"
}

@Book{beginning_iphone_games_development,
    author      = "Cabrera, PJ",
    keyword     = "engineers",
    publisher   = "Apress",
    title       = "Beginning iPhone Games Development",
    year        = "2010"
}

@Book{design_patterns_elements_reusable,
    author      = {{Gamma, Erich}, {Helm, Richard}, {Johnson, Ralph}, {Vlissides, John}},
    keyword     = "engineers",
    publisher   = "Addison-Wesley Professional Computing Series",
    title       = "Design Patterns: Elements of Reusable Object-Oriented Software",
    year        = "1994"
}

@Book{lua_reference_manual,
    author      = "Ierusalimschy, Roberto",
    keyword     = "engineers",
    publisher   = "Lua.org",
    title       = "Lua 5.1 Reference Manual",
    year        = "2006"
}

@Book{lua_programming_gems,
    keyword     = "engineers",
    publisher   = "Lua.org",
    title       = "Lua Programming Gems",
    year        = "2008"
}

@Book{opengl_red_book,
    author      = {{Shreiner, Dave}, {The Khronos OpenGL ARB Working Group}},
    day         = "31",
    edition     = "7th",
    keyword     = "engineers",
    month       = "jul",
    publisher   = "Addison-Wesley Professional",
    title       = "OpenGL Programming Guide",
    year        = "2009"
}

@Book{pro_ogre_3d_programming,
    author      = "Junker, Gregory",
    keyword     = "engineers",
    publisher   = "Apress",
    title       = "Pro OGRE 3D Programming",
    year        = "2006"
}

@Book{programming_in_lua,
    author      = "Ierusalimschy, Roberto",
    edition     = "2nd",
    keyword     = "engineers",
    publisher   = "Lua.org",
    title       = "Programming in Lua",
    year        = "2006"
}

@Book{systems_and_models,
    author      = "Bossel, Hartmut",
    keyword     = "engineers",
    publisher   = "BoD",
    title       = "Systems and Models. Complexity, Dynamics, Evolution, Sustainability",
    year        = "2007"
}

@Book{system_zoo_1,
    author      = "Bossel, Hartmut",
    keyword     = "engineers",
    publisher   = "BoD",
    title       = "System Zoo 1 Simulation Models -- Elementary Systems, Physics, Engineering",
    year        = "2007"
}

@Book{system_zoo_2,
    author      = "Bossel, Hartmut",
    keyword     = "engineers",
    publisher   = "BoD",
    title       = "System Zoo 2 Simulation Models. Climate, Ecosystems, Resources",
    year        = "2007"
}

@Book{system_zoo_3,
    author      = "Bossel, Hartmut",
    keyword     = "engineers",
    publisher   = "BoD",
    title       = "System Zoo 3 Simulation Models. Economy, Society, Development",
    year        = "2007"
}

@Book{peoples_history_of_united_states,
    author      = "Zinn, Howard",
    keyword     = "everyone",
    publisher   = "HarperCollins",
    title       = "A People's History of the United States: 1492-Present",
    year        = "2003"
}

@Book{adbusters,
    journal     = "Adbusters",
    keyword     = "everyone",
    publisher   = "Adbusters Media Foundation",
    url         = "http://www.adbusters.org"
}

@Book{blue_mars,
    author      = "Robinson, Kim Stanley",
    keyword     = "everyone",
    publisher   = "Voyager",
    title       = "Blue Mars: Mars Trilogy",
    volume      = "3",
    year        = "1997"
}

@Book{death_by_government,
    author      = "Rummel, R. J.",
    keyword     = "everyone",
    publisher   = "Transaction Publishers",
    title       = "Death by Government",
    year        = "1997"
}

@Book{debunking_911_debunking,
    author      = "Griffin, David Ray",
    keyword     = "everyone",
    publisher   = "Olive Branch Pr",
    title       = "Debunking 9/11 Debunking",
    year        = "2007"
}

@Book{drug_harms_in_uk,
    author      = {{J. Nutt, David}, {A. King, Leslie}, {D. Phillips, Lawrence}},
    day         = "6",
    journal     = "The Lancet",
    keyword     = "everyone",
    month       = "nov",
    pages       = "1558--1565",
    series      = "9752",
    title       = "Drug Harms in the UK: a Multicriteria Decision Analysis",
    url         = "http://is.gd/QXTVmH",
    volume      = "376",
    year        = "2010"
}

@Book{food_inc,
    author      = "Kenner, Robert",
    edition     = "DVD",
    keyword     = "everyone",
    pages       = "Magnolia",
    title       = "Food Inc.",
    year        = "2008"
}

@Book{free_software_free_society,
    author      = "Stallman, Richard M.",
    keyword     = "everyone",
    publisher   = "Free Software Foundation",
    title       = "Free Software, Free Society: Selected Essays of Richard M. Stallman",
    year        = "2002"
}

@Book{green_mars,
    author      = "Robinson, Kim Stanley",
    keyword     = "everyone",
    publisher   = "Voyager",
    title       = "Green Mars: Mars Trilogy",
    volume      = "2",
    year        = "1994"
}

@Book{how_to_live_on_mars,
    author      = "Zubrin, Robert",
    keyword     = "everyone",
    publisher   = "Three Rivers Press",
    title       = "How to Live on Mars: A Trusty Guidebook to Surviving and Thriving on the Red Planet",
    year        = "2008"
}

@Book{jom,
    journal     = "Journal of Orthomolecular Medicine",
    keyword     = "everyone",
    publisher   = "International Schizophrenia Foundation"
}

letter_to_minister_regarding_911: everyone
\footnote{Warner, Kip. \href{http://www.thecanadiancharger.com/page.php?id=5}{An Open Letter to Minister of Public Safety Regarding 9/11}. Canadian Charger, 23 Aug. 2011.}

@Book{,
    author      = "",
    day         = "",
    edition     = "",
    journal     = "",
    keyword     = "",
    month       = "",
    note        = "",
    pages       = "",
    publisher   = "",
    series      = "",
    title       = "",
    url         = "",
    volume      = "",
    year        = ""
}

merchants_of_doubt: everyone
{\it Merchants of Doubt: How a Handful of Scientists Obscured the Truth on Issues from Tobacco Smoke to Global Warming}. Print.\crlf
Naomi Oreskes et al., Bloomsbury Press, ISBN 9781596916104, 2010.

@Book{,
    author      = "",
    day         = "",
    edition     = "",
    journal     = "",
    keyword     = "",
    month       = "",
    note        = "",
    pages       = "",
    publisher   = "",
    series      = "",
    title       = "",
    url         = "",
    volume      = "",
    year        = ""
}

% Anyone have a reliable online link including pp. 461-500?
minutes_bank_of_canada: everyone
{\it Minutes of Proceedings and Evidence Respecting the Bank of Canada} (paper)\crlf
Standing Committee on Banking and Commerce, Printer to the King's Most Excellent Majesty, 1939, pp. 461-500.

@Book{,
    author      = "",
    day         = "",
    edition     = "",
    journal     = "",
    keyword     = "",
    month       = "",
    note        = "",
    pages       = "",
    publisher   = "",
    series      = "",
    title       = "",
    url         = "",
    volume      = "",
    year        = ""
}

red_mars: everyone
{\it Red Mars: Mars Trilogy Bk. 1}. Print.\crlf
Kim Stanley Robinson, Collins, ISBN 9780586213896, 1993.

@Book{,
    author      = "",
    day         = "",
    edition     = "",
    journal     = "",
    keyword     = "",
    month       = "",
    note        = "",
    pages       = "",
    publisher   = "",
    series      = "",
    title       = "",
    url         = "",
    volume      = "",
    year        = ""
}

report_from_iron_mountain: everyone
\href{http://www.teachpeace.com/Report_from_Iron_Mountain.pdf}{Report From Iron Mountain: On The Possibility And Desirability Of Peace}\footnote{If in doubt of the document's authenticity, refer to p.524 of Griffin's {\it The Creature From Jekyll Island}.} (paper)\crlf
John Kenneth Galbraith et al., The Dial Press, 1967.

@Book{,
    author      = "",
    day         = "",
    edition     = "",
    journal     = "",
    keyword     = "",
    month       = "",
    note        = "",
    pages       = "",
    publisher   = "",
    series      = "",
    title       = "",
    url         = "",
    volume      = "",
    year        = ""
}

statistics_of_democide: everyone
{\it Statistics of Democide: Genocide and Mass Murder since 1900 (Macht Und Gesellschaft, Bd. 2)}. Print.\crlf
R. J. Rummel, Lit Verlag, ISBN 9783825840105, 1999.

@Book{,
    author      = "",
    day         = "",
    edition     = "",
    journal     = "",
    keyword     = "",
    month       = "",
    note        = "",
    pages       = "",
    publisher   = "",
    series      = "",
    title       = "",
    url         = "",
    volume      = "",
    year        = ""
}

terraforming_creating_habitable_worlds: everyone
{\it Terraforming: The Creating of Habitable Worlds (Astronomers' Universe)}. Print.\crlf
Martin Beech, Springer, ISBN 9780387097954, 2009.

@Book{,
    author      = "",
    day         = "",
    edition     = "",
    journal     = "",
    keyword     = "",
    month       = "",
    note        = "",
    pages       = "",
    publisher   = "",
    series      = "",
    title       = "",
    url         = "",
    volume      = "",
    year        = ""
}

case_against_fluoride: everyone
{\it The Case Against Fluoride: How Hazardous Waste Ended Up in Our Drinking Water and the Bad Science and Powerful Politics That Keep It There}. Print.\crlf
Paul Connett et al., Chelsea Green Publishing, ISBN 9781603582872, 2010.

@Book{,
    author      = "",
    day         = "",
    edition     = "",
    journal     = "",
    keyword     = "",
    month       = "",
    note        = "",
    pages       = "",
    publisher   = "",
    series      = "",
    title       = "",
    url         = "",
    volume      = "",
    year        = ""
}

case_for_mars: everyone
{\it The Case for Mars: The Plan to Settle the Red Planet and Why We Must}. Print.\crlf
Robert Zubrin et al., Free Press, 1997.

@Book{,
    author      = "",
    day         = "",
    edition     = "",
    journal     = "",
    keyword     = "",
    month       = "",
    note        = "",
    pages       = "",
    publisher   = "",
    series      = "",
    title       = "",
    url         = "",
    volume      = "",
    year        = ""
}

the_china_study: everyone
{\it The China Study: The Most Comprehensive Study of Nutrition Ever Conducted and the Startling Implications for Diet, Weight Loss and Long-term Health}. Print.\crlf
T. Colin Campbell, Benbella Books, 2006.

@Book{,
    author      = "",
    day         = "",
    edition     = "",
    journal     = "",
    keyword     = "",
    month       = "",
    note        = "",
    pages       = "",
    publisher   = "",
    series      = "",
    title       = "",
    url         = "",
    volume      = "",
    year        = ""
}

the_corporation: everyone
{\it The Corporation} (film)\crlf
Zeitgeist Films, ASIN B0007DBJM8, 2004.

@Book{,
    author      = "",
    day         = "",
    edition     = "",
    journal     = "",
    keyword     = "",
    month       = "",
    note        = "",
    pages       = "",
    publisher   = "",
    series      = "",
    title       = "",
    url         = "",
    volume      = "",
    year        = ""
}

the_creature_from_jekyll_island: everyone
{\it The Creature from Jekyll Island: A Second Look at the Federal Reserve}. Print.\crlf
G. Edward Griffin, American Media, ISBN 9780912986395, 2010.

@Book{,
    author      = "",
    day         = "",
    edition     = "",
    journal     = "",
    keyword     = "",
    month       = "",
    note        = "",
    pages       = "",
    publisher   = "",
    series      = "",
    title       = "",
    url         = "",
    volume      = "",
    year        = ""
}

zeitgeist_the_movie: everyone
{\it Zeitgeist: The Movie} (film)\crlf
Peter Joseph, 122 minutes, GMP LLC, 2007.

@Book{,
    author      = "",
    day         = "",
    edition     = "",
    journal     = "",
    keyword     = "",
    month       = "",
    note        = "",
    pages       = "",
    publisher   = "",
    series      = "",
    title       = "",
    url         = "",
    volume      = "",
    year        = ""
}

zeitgeist_addendum: everyone
{\it Zeitgeist: Addendum} (film)\crlf
Peter Joseph, 123 minutes, GMP LLC, 2008.

@Book{,
    author      = "",
    day         = "",
    edition     = "",
    journal     = "",
    keyword     = "",
    month       = "",
    note        = "",
    pages       = "",
    publisher   = "",
    series      = "",
    title       = "",
    url         = "",
    volume      = "",
    year        = ""
}

cia_drug_plane_crash:
\footnote{\href{http://afp.google.com/article/ALeqM5j6QonBKKMo2gw1e3ql-xUcQEZbVg}{Mexico Drug Plane Used for CIA rendition Flights. }{\it Associated Free Press}. 4 Sep. 2008.}

@Book{,
    author      = "",
    day         = "",
    edition     = "",
    journal     = "",
    keyword     = "",
    month       = "",
    note        = "",
    pages       = "",
    publisher   = "",
    series      = "",
    title       = "",
    url         = "",
    volume      = "",
    year        = ""
}

top_mexican_drug_lord:
\footnote{Watson, Paul J. \href{http://www.infowars.com/top-mexican-drug-lord-i-trafficked-cocaine-for-the-u-s-government/}{Top Mexican Drug Lord: I Trafficked Cocaine For The U.S. Government}. Infowars.com, 27 Apr. 2011. Web.}

@Book{,
    author      = "",
    day         = "",
    edition     = "",
    journal     = "",
    keyword     = "",
    month       = "",
    note        = "",
    pages       = "",
    publisher   = "",
    series      = "",
    title       = "",
    url         = "",
    volume      = "",
    year        = ""
}

afghan_opium_kingpin:
\footnote{Watson, Paul J. \href{http://www.infowars.com/ny-times-afghan-opium-kingpin-on-cia-payroll/}{NY Times: Afghan Opium Kingpin On CIA Payroll}. Prison Planet.com, 28 Oct. 2009. Web. 09 Apr. 2012.}

@Book{,
    author      = "",
    day         = "",
    edition     = "",
    journal     = "",
    keyword     = "",
    month       = "",
    note        = "",
    pages       = "",
    publisher   = "",
    series      = "",
    title       = "",
    url         = "",
    volume      = "",
    year        = ""
}

cia_drugs_list:
\footnote{Attias, Bernardo. \href{http://www.csun.edu/~hfspc002/news/cia.drug.html}{The U.S. Government Is the Biggest Drug Dealer in the World!} 12 Oct. 1996. Web.}

@Book{,
    author      = "",
    day         = "",
    edition     = "",
    journal     = "",
    keyword     = "",
    month       = "",
    note        = "",
    pages       = "",
    publisher   = "",
    series      = "",
    title       = "",
    url         = "",
    volume      = "",
    year        = ""
}

vicente_rule:
\footnote{\href{http://narcosphere.narconews.com/userfiles/70/Zambada.Notice.Rule12.3.pdf}{United States of America V. Jesus Vicente Zambada-Niebla}. United States of America Northern District of Illinois Eastern Division. 15 Mar. 2011. NarcoNews.com. Web.}

@Book{,
    author      = "",
    day         = "",
    edition     = "",
    journal     = "",
    keyword     = "",
    month       = "",
    note        = "",
    pages       = "",
    publisher   = "",
    series      = "",
    title       = "",
    url         = "",
    volume      = "",
    year        = ""
}

ruppert_confronts_deutch:
\footnote{\href{http://www.youtube.com/watch?v=UT5MY3C86bk}{Former LA Police Officer Mike Ruppert Confronts CIA Director John Deutch on Drug Trafficking}. {\it YouTube}. 15 Nov. 1996.}

@Book{,
    author      = "",
    day         = "",
    edition     = "",
    journal     = "",
    keyword     = "",
    month       = "",
    note        = "",
    pages       = "",
    publisher   = "",
    series      = "",
    title       = "",
    url         = "",
    volume      = "",
    year        = ""
}

statscan_leading_causes_of_death:
\footnote{Canada. Statistics Canada. \href{http://www.statcan.gc.ca/tables-tableaux/sum-som/l01/cst01/hlth36a-eng.htm}{Leading Causes of Death, by Sex}. 2008. Web.

@Book{,
    author      = "",
    day         = "",
    edition     = "",
    journal     = "",
    keyword     = "",
    month       = "",
    note        = "",
    pages       = "",
    publisher   = "",
    series      = "",
    title       = "",
    url         = "",
    volume      = "",
    year        = ""
}

imf_bancor:
{\it Strategy, Policy and Review Department of the International Monetary Fund} published a paper {\it Reserve Accumulation and International Monetary Stability}\footnote{\fullahref{http://www.imf.org/external/np/pp/eng/2010/041310.pdf}}

@Book{,
    author      = "",
    day         = "",
    edition     = "",
    journal     = "",
    keyword     = "",
    month       = "",
    note        = "",
    pages       = "",
    publisher   = "",
    series      = "",
    title       = "",
    url         = "",
    volume      = "",
    year        = ""
}

linux_and_gnu:
\footnote{\href{http://www.gnu.org/gnu/linux-and-gnu.html}{Linux and the GNU Project. }{\it Richard Stallman}. 20 Nov. 2011.}

@Book{,
    author      = "",
    day         = "",
    edition     = "",
    journal     = "",
    keyword     = "",
    month       = "",
    note        = "",
    pages       = "",
    publisher   = "",
    series      = "",
    title       = "",
    url         = "",
    volume      = "",
    year        = ""
}

blackwater_game:
\footnote{\href{https://secure.wikimedia.org/wikipedia/en/wiki/Blackwater_\%28video_game\%29}{Blackwater (video game). }{\it Wikipedia}. 19 Dec. 2011.}

@Book{,
    author      = "",
    day         = "",
    edition     = "",
    journal     = "",
    keyword     = "",
    month       = "",
    note        = "",
    pages       = "",
    publisher   = "",
    series      = "",
    title       = "",
    url         = "",
    volume      = "",
    year        = ""
}

linux_non_free:
\footnote{\fullahref{http://fsfla.org/svnwiki/anuncio/2010-03-Linux-2.6.33-libre}}

@Book{,
    author      = "",
    day         = "",
    edition     = "",
    journal     = "",
    keyword     = "",
    month       = "",
    note        = "",
    pages       = "",
    publisher   = "",
    series      = "",
    title       = "",
    url         = "",
    volume      = "",
    year        = ""
}

ubuntu_surpasses_osx:
\footnote{\fullahref{http://www.freesoftwaremagazine.com/columns/ubuntu_surpasses_mac_osx}}

@Book{,
    author      = "",
    day         = "",
    edition     = "",
    journal     = "",
    keyword     = "",
    month       = "",
    note        = "",
    pages       = "",
    publisher   = "",
    series      = "",
    title       = "",
    url         = "",
    volume      = "",
    year        = ""
}

water_ice_on_mars:
\footnote{\href{http://www.cbc.ca/news/technology/story/2009/09/24/tech-space-water-mars-crater.html}{Ice on Mars revealed in fresh craters. }{\it CBC News}. 24 Sep. 2009.}

@Book{,
    author      = "",
    day         = "",
    edition     = "",
    journal     = "",
    keyword     = "",
    month       = "",
    note        = "",
    pages       = "",
    publisher   = "",
    series      = "",
    title       = "",
    url         = "",
    volume      = "",
    year        = ""
}

viking_mission_source_data:
\footnote{\fullahref{http://pds-imaging.jpl.nasa.gov/volumes/viking.html}}

@Book{,
    author      = "",
    day         = "",
    edition     = "",
    journal     = "",
    keyword     = "",
    month       = "",
    note        = "",
    pages       = "",
    publisher   = "",
    series      = "",
    title       = "",
    url         = "",
    volume      = "",
    year        = ""
}

nasa_audit_missing_samples:
\footnote{\href{http://www.cbc.ca/news/technology/story/2011/12/09/science-missing-space-samples-nasa.html?cmp=rss}{NASA audit finds hundreds of space samples missing. }{\it CBC News}. 9 Dec. 2011.}

@Book{,
    author      = "",
    day         = "",
    edition     = "",
    journal     = "",
    keyword     = "",
    month       = "",
    note        = "",
    pages       = "",
    publisher   = "",
    series      = "",
    title       = "",
    url         = "",
    volume      = "",
    year        = ""
}

vicar_shitty_user_guide:
\footnote{\fullahref{http://www-mipl.jpl.nasa.gov/external/vug/vugfinal.html}}

@Book{,
    author      = "",
    day         = "",
    edition     = "",
    journal     = "",
    keyword     = "",
    month       = "",
    note        = "",
    pages       = "",
    publisher   = "",
    series      = "",
    title       = "",
    url         = "",
    volume      = "",
    year        = ""
}

